2540 3496
219 417 325 445 Datum
357 412 541 446 Avenione.

266 623 306 651 24
318 624 386 658 jun.
404 623 493 652 1327.

265 670 331 703 (vm
351 668 410 696 kal.
427 668 494 705 jul.)

327 713 358 740 T.
375 713 431 740 XL.

342 945 376 972 Ut
396 953 419 972 s.

261 1158 303 1187 25
316 1159 385 1194 jun.
404 1159 492 1188 1327.

271 1207 327 1239 (vn
343 1205 403 1232 kal.
419 1204 488 1241 jul.)

337 1375 374 1402 Ut
393 1383 415 1402 s.

278 1419 309 1446 T.
326 1419 385 1452 XII,
401 1419 471 1447 XIV.

337 1588 372 1615 Ut
389 1596 415 1616 s.

309 1633 340 1659 T.
362 1633 440 1660 111¹¹.

336 1910 371 1937 Ut
391 1918 415 1937 s.

264 1957 266 1959 ’
282 1954 314 1982 Τ.
331 1954 377 1988 XI,
397 1955 469 1982 XIII.

338 2177 372 2205 Ut
390 2186 412 2205 s.

263 2553 305 2580 26
318 2553 384 2587 jun.
406 2552 494 2581 1327.

281 2600 324 2634 (vx
339 2597 398 2625 kal.
414 2597 480 2634 jul.)

344 2979 380 3008 Ut
394 2989 418 3008 S.

591 326 765 358 JOANNIS
788 327 907 358 PAPAE
929 326 1032 358 XXII.
1057 329 1306 367 (1316-1334).
1330 345 1369 351 --
1390 327 1577 358 LITTERAE
1601 327 1827 359 COMMUNES
2171 330 2231 360 563

625 528 662 550 ac
678 528 767 559 mag.
784 520 925 551 Nicolao
937 520 976 551 de
991 520 1135 557 Fractis,
1146 529 1218 551 can.
1239 520 1413 552 Patracen.
1428 520 1523 557 eccl„
1542 520 1607 552 litt.
1625 520 1891 560 apostolicarum
1907 519 2102 551 correctori.
2118 518 2232 558 (Α.28,

625 571 647 604 f.
665 574 726 604 342
742 578 770 608 ’ς
790 573 825 604 V.
842 575 894 610 84,
910 582 963 613 ep.
976 575 1083 612 2980.)

669 623 808 656 29020.
836 644 875 649 --
899 626 1013 657 Jacobo
1043 626 1080 658 de
1110 627 1228 664 Roclm,
1254 627 1425 668 suppriori,
1453 627 1646 669 Berenqario
1671 626 1834 664 Rotlandi,
1863 626 2038 664 cellerario,
2068 626 2233 657 Dominico

626 679 759 717 Guasch,
778 681 923 712 Arnaldo
941 681 977 711 de
994 680 1157 719 Avellano,
1175 680 1373 722 presbyteris,
1390 685 1419 712 et
1440 680 1569 713 Gastoni
1587 681 1618 711 Z
1619 680 1763 717 abaterii,
1781 680 1979 718 subdiacono,
1998 680 2156 711 monachis
2171 690 2240 711 τηου

623 737 706 765 nast.
719 733 755 764 de
768 734 972 774 Bem'fasano,
989 734 1117 766 cisterc.
1134 735 1215 771 ord„
1231 734 1394 766 Dertusen.
1410 734 1466 772 di„
1484 735 1671 774 dispensat.
1689 736 1726 765 ut
1739 735 1775 765 in
1790 734 1961 774 susceptis
1976 733 2155 765 ordinibus
2169 734 2230 765 mi-

624 787 771 819 nistrare
789 788 923 819 valeant
934 797 943 825 ;
965 797 1032 819 non
1051 788 1139 819 obst.
1158 788 1248 828 quod
1266 788 1405 828 quidam
1422 788 1612 820 Saracenus
1630 788 1672 818 ad
1690 787 1891 819 catholicam
1912 787 2014 818 fidem
2033 786 2231 824 cOnversus,

624 841 732 880 ejusd.
751 844 897 873 monast.
925 842 1091 881 captivus,
1115 841 1157 872 ab
1182 842 1269 881 ipsis
1294 841 1485 881 flagellatus
1511 843 1543 873 et
1568 841 1695 872 carceri
1720 842 1944 880 mancipatus,
1965 840 2094 880 absque
2115 849 2233 872 eorum

624 894 723 933 culpa
741 894 813 925 ead.
833 896 930 926 nocte
948 894 1083 926 obierit.
1103 895 1157 932 (A.
1172 896 1223 932 27,
1241 894 1264 926 f.
1281 895 1343 925 240
1358 894 1390 931 b;
1414 894 1450 925 V.
1467 896 1517 932 83,
1539 904 1591 934 ep.
1612 896 1715 932 1725.)

668 945 810 978 29021.
829 966 867 970 —
888 948 1040 978 Fortunio
1059 948 1209 986 Eximini,
1227 947 1264 978 de
1284 947 1420 989 Aqerbio
1438 957 1533 988 prov.
1553 957 1671 979 canon.
1692 947 1772 979 eccl.
1793 948 2034 979 Tirasonensis
2051 947 2115 978 sub
2134 956 2231 987 exsp.

625 1001 729 1040 praeb.
751 1010 828 1032 cum
847 1002 1092 1041 praestimoniis
1110 1004 1142 1033 et
1160 1002 1487 1041 praestimonialihus
1506 1001 1739 1041 portionibus;
1764 1010 1831 1032 non
1856 1000 1945 1032 obst.
1967 1001 2101 1032 defectu
2123 1001 2233 1032 aetatis

625 1055 712 1096 (octo
729 1057 799 1094 an.)
818 1074 855 1078 —
876 1055 902 1087 I.
923 1064 952 1087 e.
970 1064 1014 1086 m.
1034 1055 1205 1095 archiep.o
1223 1056 1532 1095 caesaraugustan„
1551 1057 1584 1086 et
1600 1064 1676 1095 ep.o
1694 1055 1887 1095 Segohien.,
1906 1063 1943 1085 ac
1960 1054 2086 1085 archid.
2105 1054 2233 1085 Belchi-

623 1110 691 1139 ten.
711 1109 746 1139 in
763 1108 844 1139 eccl.
865 1109 1178 1149 Caesaraugustana.
1198 1109 1251 1146 (A.
1270 1110 1321 1146 27,
1339 1108 1362 1140 f.
1380 1110 1440 1140 452
1456 1114 1487 1143 ει;
1509 1109 1546 1140 V.
1562 1110 1614 1145 84,
1631 1118 1683 1148 ep.
1700 1110 1806 1148 2266.)
1863 1131 1867 1134 ,
2167 1122 2171 1127 ·

669 1159 807 1192 29022.
828 1180 867 1185 -
890 1162 1054 1193 Guillelmo
1071 1162 1107 1193 de
1130 1162 1299 1198 Casalelhs,
1323 1162 1395 1194 cler.
1422 1162 1587 1194 Caturcen.
1609 1162 1666 1198 di„
1687 1162 1797 1202 gratia
1818 1170 1915 1201 exsp.
1934 1161 2046 1193 benef.
2067 1163 2107 1200 (c.
2127 1170 2154 1192 c.
2176 1162 2234 1193 100

623 1216 678 1246 vel
694 1225 721 1246 s.
739 1225 767 1246 c.
783 1216 861 1247 401.
877 1215 917 1255 t.)
934 1216 968 1246 in
986 1216 1079 1247 civit.
1098 1216 1152 1247 vel
1169 1216 1215 1247 di.
1232 1216 1412 1254 Sarlaten.,
1428 1216 1552 1256 pertin.
1571 1216 1613 1247 ad
1628 1216 1741 1247 collat.
1759 1216 1826 1255 ep.i
1843 1218 1875 1247 et
1889 1215 1991 1255 capit.
2010 1215 2176 1246 Sarlaten.
2195 1232 2235 1237 —

603 1269 650 1300 Ἰ.
672 1278 701 1300 e.
724 1278 769 1300 m.
798 1278 876 1309 ep.o
898 1270 1055 1306 Rivensi,
1079 1271 1111 1301 et
1132 1270 1258 1301 decano
1281 1269 1538 1306 Montisalban.,
1563 1278 1600 1300 ac
1620 1278 1724 1309 praep.
1752 1269 1968 1309 Mirapiscen.
1997 1268 2231 1300 ecclesiarum.

623 1322 677 1361 (V.
696 1323 747 1360 83,
765 1332 816 1362 ep.
838 1324 942 1361 1999.)

667 1373 807 1406 29023.
827 1394 866 1399 -
885 1376 969 1416 May.
994 1375 1172 1406 Hermanno
1191 1376 1228 1407 de
1246 1376 1407 1411 Bolzemia,
1427 1376 1548 1406 custodi
1571 1376 1644 1406 eccl.
1670 1376 1818 1416 Prayen„
1840 1376 1938 1416 Papae
1959 1385 2028 1416 cap.
2049 1380 2078 1406 et
2095 1374 2235 1405 auditori

623 1439 786 1459 causarum
805 1429 922 1470 palatii
937 1434 1051 1469 apost„
1069 1430 1190 1460 indult.
1208 1431 1257 1465 ut,
1274 1429 1309 1460 in
1326 1430 1480 1462 Romana
1495 1430 1590 1460 curia
1605 1430 1799 1467 residendo,
1816 1429 1948 1460 fructus
1964 1429 2076 1460 benef.
2094 1437 2234 1460 suorum

622 1483 753 1522 integre
774 1483 949 1522 percipiat.
976 1501 1013 1506 —-
1031 1483 1057 1513 I.
1079 1491 1107 1514 e.
1128 1492 1173 1514 m.
1193 1483 1365 1522 archiep.o
1384 1482 1639 1522 salzeburgen„
1661 1484 1694 1515 et
1714 1482 1829 1513 abbati
1850 1483 1995 1514 monast.
2023 1482 2234 1522 Aulaeregiae‚

622 1536 766 1575 Pragen.
784 1535 844 1572 di„
864 1537 895 1567 et
912 1536 1091 1567 scolastico
1107 1536 1188 1567 eccl.
1208 1536 1396 1567 Tullensis.
1412 1536 1466 1575 (A.
1485 1537 1556 1573 258,
1576 1536 1599 1567 f.
1619 1538 1677 1567 105
1693 1541 1724 1573 ὃς
1750 1536 1785 1567 V.
1804 1536 1856 1572 84,
1875 1545 1926 1575 ep.
1945 1537 2052 1575 2067.)

667 1586 808 1619 29024.
831 1607 869 1612 ———
889 1589 1000 1620 Fatz'us
1022 1589 1058 1619 de
1080 1589 1243 1627 Ravenna,
1268 1599 1349 1620 mon.
1375 1594 1506 1619 monast.
1529 1589 1725 1625 Fonlisboni,
1744 1589 1978 1621 Camaldulen.
1999 1589 2086 1627 ord.‚
2102 1589 2233 1620 Aretin.

622 1642 682 1680 di„
702 1645 922 1682 promovetur
940 1643 982 1673 ad
997 1642 1169 1674 abhatiam
1187 1643 1389 1674 monasterii
1406 1652 1433 1673 s.
1453 1642 1546 1673 Just}
1565 1644 1663 1674 extra
1678 1651 1795 1674 muros
1811 1643 2004 1680 Vulteran.‚
2019 1642 2129 1682 ejusd.
2148 1642 2234 1680 ord.,

622 1705 683 1736 per
699 1697 890 1728 cessionem
912 1696 1065 1727 Bartholi
1082 1696 1116 1727 in
1133 1696 1293 1727 manibus
1312 1697 1438 1736 prioris
1458 1697 1563 1728 eremi
1583 1696 1819 1728 Camaldulen.
1839 1697 1880 1727 ad
1895 1697 1938 1728 R.
1955 1697 1994 1727 E.
2011 1696 2106 1727 nullo
2122 1696 2236 1727 medio

623 1750 840 1790 pertinentis,
864 1750 1034 1790 praedictae
1057 1750 1117 1787 di„
1139 1752 1260 1790 sponte
1282 1750 1417 1788 factam,
1442 1750 1531 1790 apud
1555 1750 1588 1781 S.
1618 1751 1657 1781 A.
1681 1750 1808 1789 praevia
1828 1750 1980 1790 generali
2003 1750 2235 1781 reservatione

624 1804 776 1835 omnium
801 1805 947 1835 monast.
971 1804 1007 1834 in
1026 1803 1182 1843 partibus
1199 1804 1332 1835 Tusciae
1350 1804 1614 1835 consistentium
1632 1806 1821 1835 vacantem.
1841 1821 1878 1825 —
1893 1804 1921 1835 I.
1940 1813 1969 1835 e.
1989 1813 2034 1834 m.
2054 1803 2236 1834 conventui

623 1858 769 1888 monast.
789 1866 816 1888 s.
834 1857 925 1888 Justi
942 1859 974 1888 et
992 1857 1099 1897 priori
1118 1857 1225 1888 eremi
1242 1857 1528 1889 Camaldulensis.
1550 1857 1602 1898 (A.
1619 1859 1670 1896 27,
1691 1858 1714 1888 f.
1730 1859 1791 1889 449
1809 1863 1839 1893 Η
1862 1857 1897 1889 V.
1913 1858 1964 1893 84,
1985 1866 2036 1896 ep.
2053 1857 2163 1898 2253.)
2247 1895 2253 1901 ·

668 1908 807 1941 29025.
828 1929 864 1934 -—
889 1911 982 1941 Petro
1003 1910 1038 1941 de
1059 1910 1186 1942 Crusila
1203 1911 1311 1950 gratia
1331 1919 1428 1950 exsp.
1448 1910 1559 1942 benef.
1584 1911 1771 1942 ecclesiast.
1793 1912 1845 1949 (40
1862 1911 1885 1941 1.
1905 1912 1944 1949 t.)
1964 1911 2004 1941 ad
2022 1911 2185 1950 archiep.i
2202 1911 2236 1942 et

624 1965 725 2004 capit.
751 1965 919 1996 Senonen.
948 1964 1211 2004 dispositionem
1234 1964 1376 2003 pertin.;
1404 1973 1472 1995 non
1497 1964 1585 1995 obst.
1609 1973 1702 2004 perp.
1728 1965 1856 1995 vicaria
1875 1964 1955 1995 eccl.
1981 1973 2009 1995 s.
2035 1964 2168 1996 Nicolai
2195 1964 2235 1995 de

626 2011 738 2050 Garda
752 2018 938 2050 Bituricen.
952 2018 1012 2055 di„
1031 2027 1104 2057 quae
1117 2020 1254 2057 propter
1269 2018 1343 2058 ejus
1358 2018 1549 2049 exilitatem
1566 2018 1608 2049 ad
1622 2018 1788 2049 decimam
1805 2026 1872 2049 non
1886 2019 2034 2049 taxatur.
2048 2035 2086 2040 —-
2098 2018 2125 2048 I.
2142 2026 2170 2049 e.
2187 2026 2233 2048 m.

623 2072 809 2104 Nivernen.
832 2073 864 2103 et
882 2072 987 2102 Medii
1009 2071 1210 2103 monasterii
1235 2072 1422 2103 Bituricen.
1446 2072 1595 2109 decanis,
1620 2081 1657 2102 ac
1678 2071 1807 2102 cantori
1831 2071 2123 2111 petragoricensis
2152 2072 2233 2104 eccl.

623 2126 678 2167 (A.
697 2127 747 2162 28,
767 2126 790 2157 f.
808 2126 848 2157 84
864 2130 892 2161 ⁸3
914 2125 950 2156 V.
966 2126 1018 2163 84,
1038 2133 1090 2164 ep.
1107 2126 1214 2164 2490.)

669 2176 807 2209 29026.
831 2197 869 2201 -
890 2179 1016 2216 Joanm‘,
1035 2183 1108 2209 nato
1131 2178 1263 2209 Joannis
1285 2179 1403 2209 comitis
1425 2178 1580 2213 Forensis,
1601 2178 1636 2209 in
1657 2178 1838 2215 Parisien.,
1860 2178 2016 2218 Bajocen.
2039 2179 2072 2209 et
2090 2187 2119 2209 s.
2136 2178 2234 2210 Guil-

624 2233 719 2264 Ielmi
742 2234 782 2264 de
805 2233 1000 2268 Moritonio,
1022 2232 1204 2264 Abrincen.
1231 2234 1308 2272 (req.
1332 2232 1550 2270 Ambianen.)
1571 2232 1630 2269 di.,
1650 2241 1723 2263 can.
1742 2231 1974 2271 praebendario
1991 2241 2028 2263 ac
2046 2232 2081 2262 in
2098 2241 2126 2262 s.
2142 2233 2235 2264 Justi

624 2287 823 2326 Lugdunen.
841 2286 997 2317 ecclesiis
1014 2286 1188 2323 canonico,
1204 2286 1356 2325 provisio
1372 2294 1491 2316 canon.
1507 2286 1764 2317 Cameracensis
1781 2285 1862 2316 eccl.
1881 2285 1944 2316 sub
1959 2294 2054 2324 exsp.
2074 2286 2179 2325 praeb.
2197 2295 2235 2317 ac

623 2340 800 2380 dignitatis
821 2340 874 2371 vel
895 2341 1109 2379 personatus,
1129 2348 1190 2371 seu
1211 2339 1265 2370 off.
1286 2339 1339 2370 vel
1359 2339 1470 2370 benef.
1490 2339 1679 2370 ecclesiast.
1699 2340 1773 2370 sine
1792 2348 1885 2377 cura,
1904 2339 2035 2370 consid.
2053 2339 2165 2370 Cat-oli
2183 2348 2234 2371 re-

623 2394 675 2434 gis
691 2394 860 2430 Franoiae;
876 2397 942 2424 non
958 2393 1045 2425 obst.
1063 2393 1196 2424 defectu
1213 2393 1247 2424 in
1262 2395 1360 2424 aetate
1374 2393 1427 2433 (18
1441 2393 1522 2432 an).
1539 2410 1577 2416 -
1592 2393 1618 2424 I.
1636 2402 1666 2424 e.-
1685 2402 1729 2423 m.
1748 2392 1863 2424 abbati
1878 2394 2024 2424 monast.
2043 2401 2073 2423 s.
2090 2393 2234 2424 Auberti

624 2448 854 2484 Cameracen.,
879 2449 912 2478 et
935 2447 1060 2478 decano
1082 2455 1108 2478 S.
1131 2446 1295 2486 Stephani
1317 2447 1357 2477 de
1384 2448 1535 2478 Tescone
1560 2446 1815 2482 Montisalban„
1840 2455 1878 2477 ac
1896 2446 2044 2478 Henrico
2063 2446 2103 2477 de
2124 2447 2234 2486 Rupe-

625 2501 714 2537 forti‚
731 2510 804 2531 can.
824 2500 904 2533 eccl.
923 2500 1175 2540 Lugdunensis.
1191 2500 1244 2540 (A.
1261 2501 1312 2536 28,
1330 2500 1353 2532 f.
1372 2501 1432 2531 242
1450 2500 1477 2537 ¹³3
1503 2499 1534 2530 V.
1551 2501 1602 2538 84,
1621 2509 1674 2540 ep.
1691 2501 1797 2538 2885.)

669 2551 808 2584 29027.
828 2555 866 2577 4—
888 2554 1056 2595 Archiepo
1078 2553 1244 2584 'Viennensi
1260 2554 1374 2585 mand.
1399 2557 1435 2584 ut
1461 2554 1612 2593 inquirat
1634 2555 1666 2585 et
1689 2554 1813 2585 referat
1832 2554 1872 2584 de
1889 2553 2054 2593 petitione
2073 2552 2235 2584 Anibaldi

624 2608 804 2644 FalavelIi,
820 2608 947 2647 prioris
963 2609 1135 2647 pri0ratus
1148 2608 1188 2639 de
1201 2608 1370 2644 Lasonna,
1387 2607 1425 2639 Ο.
1443 2608 1478 2639 S.
1497 2609 1547 2645 B„
1564 2616 1634 2639 suae
1649 2607 1708 2642 di.‚
1725 2607 1933 2638 monasterio
1949 2606 2232 2646 Montismajoris‚

625 2662 722 2701 cujus
742 2662 861 2693 existit
878 2670 982 2699 mon.,
1005 2662 1087 2692 dicti
1111 2662 1196 2701 ord.,
1221 2661 1394 2692 Arelaten.
1419 2661 1479 2698 di„
1503 2661 1698 2692 immediate
1718 2661 1861 2700 subjecti
1884 2662 1916 2691 et
1938 2669 1998 2700 per
2016 2659 2126 2699 ipsius
2142 2668 2231 2690 mon.

625 2715 718 2746 soliti
739 2715 832 2755 gub.,
856 2715 988 2746 scilicet
1010 2717 1046 2746 ut
1070 2715 1226 2755 quaedam
1249 2715 1379 2755 capella
1400 2716 1432 2746 et
1449 2715 1618 2754 hospitale
1635 2715 1828 2746 constructa
1846 2722 1949 2753 super
1966 2713 2105 2744 flumine
2125 2712 2231 2750 Isare,

625 2768 715 2799 infra
737 2769 932 2808 parochiam
953 2769 1159 2808 parochialis
1178 2769 1260 2800 eccl.
1281 2768 1454 2808 prioratus
1473 2768 1596 2808 ejusd„
1619 2770 1652 2799 et
1670 2769 1712 2799 ad
1729 2768 1841 2799 eumd.
1860 2767 2048 2807 prioratum
2067 2765 2235 2805 pertinen-

624 2822 684 2858 tia,
706 2822 868 2853 uniantur
890 2823 1000 2854 eidem
1024 2822 1191 2862 prioratui
1215 2831 1269 2860 ne,
1296 2822 1386 2862 quod
1409 2822 1510 2860 absit,
1533 2822 1621 2853 laica
1642 2823 1794 2861 potestas
1820 2820 1988 2859 hospitale
2012 2821 2044 2850 et
2067 2819 2234 2858 capellam

626 2875 800 2916 praedicta,
820 2877 919 2915 prout
935 2885 975 2907 ea
986 2876 1056 2916 Jam
1073 2885 1132 2916 per
1148 2876 1276 2907 multos
1292 2885 1401 2907 annos
1417 2876 1606 2916 occupavit,
1624 2875 1664 2906 de
1681 2883 1767 2905 novo
1784 2874 1933 2913 occupet.
1953 2873 2005 2911 (A.
2022 2873 2094 2910 257,
2110 2872 2133 2903 f.
2151 2873 2190 2903 72
2205 2877 2234 2909 ⁸3

633 2928 667 2959 V.
684 2930 736 2965 84,
753 2937 806 2968 ep.
824 2928 932 2969 2025.)
2283 2964 2287 2968 .

672 2979 813 3012 29028.
834 3000 873 3004 -
893 2983 1010 3014 Joanm·
1028 2982 1064 3013 de
1082 2982 1220 3023 Beyries,
1242 2992 1310 3014 can.
1331 2982 1402 3014 eccl.
1423 2981 1622 3022 Bajonensis,
1641 2991 1710 3020 nep.
1730 2978 1886 3011 Guillelmi
1908 2979 1969 3019 ep.i
1989 2979 2158 3020 Bajonen.,
2182 2978 2238 3010 ha·

579 3027 583 3029 ¹
620 3031 779 3067 'bilitatio
800 3044 904 3075 super
925 3045 964 3067 eo
986 3036 1077 3076 quod
1097 3036 1193 3073 olim,
1218 3036 1313 3068 nulla
1333 3044 1437 3075 super
1452 3035 1585 3066 defectu
1601 3034 1710 3066 aetatis
1729 3034 1781 3073 (20
1796 3034 1863 3071 an.)
1881 3032 2068 3072 dispensat.
2087 3032 2236 3071 obtenta,
