2540 3496
0 2296 17 2315 -z
0 2251 13 2282 ν
0 2014 21 2239 *We-a.
2 1899 15 1929 ι
0 1860 11 1865 2
1 1843 5 1845 ·
0 1750 11 1803 ff..

163 454 268 482 Datum
297 446 483 482 Avenione.

137 557 156 586 3
174 558 221 591 (ιιι
239 557 321 590 non.)
333 555 400 590 jan.
419 554 508 583 1326.

244 601 274 628 r.
293 600 326 635 x,
343 598 402 628 ΧΗ.

284 769 319 797 Ut
336 778 360 797 s.

227 815 258 842 Τ.
280 814 327 848 XI,
348 814 422 842 XIII.

282 930 317 958 Ut
336 939 360 958 s.

280 1359 314 1387 Ut
332 1367 357 1389 s,

220 1403 251 1430 T.
268 1403 315 1435 XI,
333 1403 405 1430 XIII.

279 1572 315 1600 Ut
336 1581 360 1600 s.

224 1618 255 1646 T.
271 1618 317 1651 xl,
333 1618 405 1646 XIII.

276 1733 311 1761 Ut
329 1742 353 1761 s.

203 1778 235 1806 T.
257 1777 354 1813 XVIII,
374 1778 431 1806 XX.

274 1949 311 1977 Ut
330 1957 355 1978 s.

222 1994 253 2022 T.
270 1995 317 2027 XI,
333 1995 406 2022 XIII.

127 2166 147 2195 4
167 2170 201 2202 (ιι
221 2167 304 2200 non.)
322 2166 389 2201 Jan.
414 2167 504 2196 1326.

241 2211 271 2240 Τ.
291 2211 387 2240 XVIII.

273 2543 311 2571 Ut
330 2551 354 2572 s.

185 2587 216 2616 T.
234 2588 329 2623 XXIV,
345 2588 441 2616 XXVI.

278 2973 315 3002 Ut
335 2982 359 3002 s.

225 3018 255 3046 T.
271 3019 317 3053 xi,
333 3019 406 3047 xm.

537 356 712 390 JOANNIS
736 355 854 388 PAPAE
877 355 978 387 XXII.
1004 353 1253 396 (1310-1384).
1277 370 1316 376 -
1338 350 1525 383 LITTERAE
1548 349 1775 383 COMMUNES
2141 355 2178 385 Ἠ

613 549 752 583 24070.
766 569 805 575 -
821 550 905 591 May.
923 549 1021 581 Heliae
1032 548 1140 591 Dyode
1157 547 1294 580 collatio
1311 546 1448 588 paroch.
1464 545 1546 578 eccl.
1563 546 1605 578 de
1619 545 1724 578 Banis
1741 547 1773 578 et
1791 546 1832 578 de
1847 547 2084 588 Bruniquello,
2101 556 2182 588 qua-

569 615 645 638 rum
662 615 731 637 una
744 605 910 645 dependet
924 603 967 636 ab
984 604 1103 641 altera,
1120 602 1288 635 Sar-laten.
1307 601 1368 639 di„
1386 600 1578 632 vacantium
1594 608 1655 640 per
1670 599 1802 632 obitum
1817 601 1907 641 apud
1920 601 1955 633 S.
1969 602 2012 633 A.
2029 602 2123 634 Petri
2139 602 2180 634 de

569 660 738 700 Garrigia.
755 676 793 682 -
810 659 836 690 1.
855 668 884 690 e.
905 667 950 690 m.
967 666 1046 698 ep.o
1062 656 1270 694 vivariensi,
1292 657 1325 687 et
1345 654 1473 687 archid.
1490 654 1530 686 de
1550 653 1715 694 Duplasin
1735 653 1816 686 eccl.
1835 654 2122 696 Petragoricensi‚
2141 665 2180 688 ae

570 714 758 747 Guillelmo
774 713 815 744 de
832 712 1064 749 Rivoforcato‚
1081 718 1154 742 can.
1174 710 1255 741 eccl.
1273 709 1458 741 Toletanae.
1475 709 1529 748 (A.
1546 709 1596 745 24,
1615 708 1639 739 f.
1655 709 1715 740 328
1730 713 1760 746 ·;
1785 707 1819 739 V.
1836 709 1889 746 80,
1908 717 1962 748 ep.
1981 710 2068 751 534.)

613 765 737 798 24071
747 790 754 797 .
773 784 810 790 -
825 765 979 807 Raphaeli
992 769 1066 796 nato
1083 763 1238 796 Gabrielis
1252 762 1289 794 de
1298 762 1409 794 Massia
1422 770 1519 803 prov.
1537 770 1655 794 canon.
1672 761 1736 793 sub
1749 770 1846 803 exsp.
1856 762 1961 803 praeb.
1972 763 2059 796 eccl.
2071 772 2099 795 s.
2112 765 2180 796 An-

567 822 678 854 tonini
703 819 892 853 Placentin.
907 835 947 842 —-
962 819 989 850 I.
1007 827 1036 851 e.
1054 827 1100 850 m.
1118 826 1224 858 praep.
1247 826 1275 848 s.
1290 816 1500 856 Euphemiae,
1515 817 1548 847 et
1572 816 1715 848 Nicolao
1739 816 1915 856 Cupalatae
1938 825 1976 849 ac
1997 817 2180 851 Francisco

568 876 610 907 de
627 875 776 910 Turano,
789 873 931 913 majoris
946 872 1028 903 eccl.
1047 871 1254 902 Placentinae
1268 870 1442 902 canonicis
1457 870 1510 910 (A.
1528 871 1579 907 24,
1599 870 1622 900 f.
1636 871 1696 902 469
1711 875 1739 907 ·;
1762 870 1798 902 V.
1818 871 1869 909 80,
1891 879 1944 912 ep.
1959 873 2048 911 916.)

611 925 750 959 24072.
766 944 805 951 -
821 926 966 967 Lodoyco
983 925 1020 956 de
1037 925 1084 956 La
1108 925 1205 955 Turre
1222 925 1329 965 gratia
1345 931 1441 963 exsp.
1459 923 1571 955 benef.
1590 933 1618 955 c.
1636 933 1663 955 c.
1680 924 1735 956 vel
1755 933 1784 955 s.
1800 933 1843 960 c.,
1860 925 1995 958 etiamsi
2011 926 2104 967 dign.
2124 928 2180 961 vel

568 983 773 1023 personatus
789 981 928 1017 existat,
946 980 981 1010 in
999 979 1092 1010 civit.
1107 977 1161 1010 vel
1176 978 1223 1009 di.
1241 977 1448 1017 Frisingen„
1461 977 1504 1008 ad
1519 977 1630 1009 collat.
1648 978 1715 1017 ep.i
1730 979 1763 1010 et
1781 978 1881 1019 capit.
1895 979 2091 1021 Frisingen.
2103 991 2177 1022 per-

565 1036 646 1073 tin.;
667 1043 734 1067 non
749 1033 837 1066 obst.
856 1033 948 1074 quod
962 1032 998 1064 in
1021 1031 1224 1072 Aquilegen.
1243 1038 1362 1063 canon.
1381 1032 1415 1062 et
1430 1030 1547 1071 praeb..
1561 1039 1600 1062 ac
1622 1031 1658 1062 in
1673 1040 1701 1064 S.
1719 1031 1845 1064 Donati
1867 1033 1970 1065 curiae
1986 1034 2177 1075 Modoetiae,

565 1089 794 1122 Mediolanen.
817 1087 877 1125 di„
894 1086 976 1119 eccl.
992 1085 1163 1126 quoddam
1184 1084 1298 1116 benef.
1315 1083 1478 1122 obtineat,
1495 1086 1528 1116 et
1548 1084 1589 1116 de
1609 1092 1727 1116 canon.
1746 1093 1784 1117 ac
1808 1086 1912 1126 praeb.
1931 1087 1972 1119 de
1992 1088 2178 1127 Nerviano‚

566 1143 663 1175 dictae
688 1140 915 1174 Mediolanen.
934 1140 994 1177 di„
1015 1145 1162 1180 quorum
1182 1138 1333 1170 nondum
1349 1139 1401 1169 est
1424 1138 1600 1178 pacificam
1625 1139 1882 1178 possessionem
1902 1141 2058 1181 adeptus,
2081 1152 2119 1175 ac
2139 1145 2180 1176 de

564 1204 683 1229 canon.
705 1195 784 1227 eccl.
805 1194 1000 1231 Civitaten.,
1025 1193 1229 1233 Aquilegen.
1253 1192 1314 1230 di„
1337 1191 1402 1223 sub
1425 1200 1519 1232 exsp.
1545 1191 1649 1232 praeb.
1669 1192 1736 1232 ipsi
1756 1195 1844 1225 auct.
1868 1196 1977 1234 apost.
1999 1197 2178 1236 provisum

565 1252 622 1283 sit.
643 1268 681 1273 -
706 1250 732 1281 Ι.
758 1258 787 1281 e.
813 1257 859 1280 m.
881 1247 959 1280 abb.
985 1247 1134 1279 monast.
1156 1247 1339 1282 Rosacen„
1360 1246 1393 1277 et
1418 1245 1544 1277 decano
1564 1245 1846 1286 Aquilegen.,.ac
1869 1256 1973 1288 praep.
2002 1258 2030 1281 s.
2057 1250 2175 1283 Jacobi

563 1313 669 1345 prope
685 1311 804 1335 muros
821 1301 1044 1342 Bambergen.
1065 1300 1145 1333 eccl.
1163 1300 1219 1341 (Α.
1241 1301 1293 1338 24,
1315 1300 1338 1331 f.
1357 1300 1420 1332 642
1436 1305 1465 1336 ·;
1486 1298 1521 1331 V.
1540 1300 1592 1339 80,
1610 1308 1664 1340 ep.
1683 1300 1794 1341 1336.)

608 1355 748 1388 24073.
768 1374 805 1380 -
822 1356 1018 1387 Hermaeorae
1040 1358 1115 1386 nato
1131 1364 1162 1385 n.
1178 1364 1207 1386 v.
1225 1353 1383 1384 Frederici
1405 1353 1442 1385 de
1457 1352 1594 1384 Munatio
1618 1362 1713 1393 prov.
1733 1360 1852 1385 canon.
1877 1355 1940 1386 sub
1959 1364 2054 1397 exsp.
2073 1359 2178 1398 praeb.

564 1412 646 1444 eccl.
665 1411 869 1452 Aquilegen.
889 1429 926 1433 —
945 1410 972 1441 I.
989 1418 1018 1441 e.
1039 1418 1086 1441 m.
1103 1407 1180 1440 abb.
1197 1409 1344 1440 monast.
1367 1407 1549 1445 Rosacen.‚
1565 1408 1598 1438 et
1616 1407 1742 1439 decano
1761 1407 1955 1447 Civitaten.,
1973 1410 2181 1453 Aquilegen.

564 1466 625 1503 di„
656 1474 694 1497 ac
708 1462 842 1497 Buxolo
865 1464 906 1495 de
932 1463 1067 1501 Parma,
1098 1463 1199 1503 Papae
1219 1470 1305 1502 cap„
1324 1470 1398 1493 can.
1418 1462 1608 1494 Tornacen.
1638 1461 1719 1493 eccl.
1746 1461 1802 1502 (A.
1824 1463 1876 1501 24,
1895 1462 1918 1494 f.
1938 1465 1996 1495 641
2015 1469 2043 1502 ·;
2070 1465 2102 1496 V.
2125 1467 2180 1505 80,

563 1529 616 1561 ep.
636 1521 740 1560 1337.)

608 1569 746 1603 24074.
765 1591 802 1596 -
819 1571 1018 1603 Franciscolo
1036 1570 1073 1602 de
1084 1570 1130 1602 La
1150 1569 1257 1607 Turre,
1274 1578 1347 1601 can.
1363 1568 1511 1610 praeben.
1530 1568 1734 1609 Aquilegen.
1753 1571 1785 1602 et
1801 1570 1953 1603 Paduan.
1972 1572 2068 1609 ecch,
2087 1573 2181 1606 simi·

563 1628 609 1660 lis
635 1627 743 1668 gratia
762 1626 798 1658 in
822 1626 904 1659 eccl.
922 1625 1119 1662 Civitatem,
1138 1624 1342 1665 Aquilegen.
1367 1623 1413 1655 di.
1436 1637 1475 1645 -—-
1490 1623 1517 1655 I.
1535 1631 1563 1654 e.
1584 1631 1630 1654 m.
1651 1622 1728 1655 abb.
1753 1625 1786 1655 et
1805 1632 1879 1655 can.
1904 1626 2124 1665 supradictis,
2144 1633 2182 1660 ac

563 1682 716 1715 Ottolino
732 1681 773 1712 de
792 1681 971 1721 Pergamo,
987 1688 1060 1711 can.
1082 1678 1286 1719 Aquilegen.
1303 1678 1357 1719 (A.
1374 1679 1425 1717 24,
1447 1677 1469 1708 f.
1486 1679 1543 1709 641
1561 1676 1591 1714 ¹²3
1616 1676 1652 1708 V.
1669 1678 1720 1714 80,
1740 1686 1792 1717 ep.
1813 1679 1921 1718 1338.)

609 1732 746 1765 24075.
764 1753 804 1758 —
822 1733 986 1767 Guillelmo
1010 1732 1203 1774 Frezapam‘s
1220 1732 1326 1773 priori
1340 1731 1439 1763 saecul.
1460 1731 1535 1762 eccl.
1554 1741 1578 1762 s.
1596 1731 1685 1762 Aviti
1698 1731 1848 1769 Senioris,
1867 1732 2033 1765 Sarlaten.
2054 1734 2112 1774 di„
2131 1736 2182 1767 in-

563 1789 697 1822 dultum
714 1788 923 1831 percipiendi
940 1787 1073 1819 fructus
1088 1787 1242 1818 omnium
1255 1786 1368 1818 benef.
1383 1794 1525 1818 suorum
1544 1785 1674 1826 absque
1689 1786 1878 1818 residentia
1891 1787 1933 1818 ad
1949 1789 2180 1828 septennium,

563 1853 666 1876 causa
681 1843 800 1875 studii.
820 1861 859 1865 —
874 1843 901 1874 Ι.
921 1851 950 1874 e.
969 1851 1014 1873 m.
1030 1842 1236 1878 Convenar.,
1250 1840 1426 1873 Vivarien.
1446 1841 1480 1872 et
1496 1840 1775 1880 carpentoraten.
1795 1841 1894 1880 epis.
1908 1841 1961 1882 (A.
1973 1843 2024 1880 24,
2038 1842 2061 1873 f.
2078 1845 2138 1876 699
2150 1849 2179 1882 ⁸3

568 1898 605 1930 V.
620 1899 674 1936 80,
694 1906 747 1938 ep.
763 1898 868 1935 1494.)

607 1948 747 1982 24076.
769 1969 807 1974 ——
826 1950 959 1982 Baxano
983 1954 1059 1980 nato
1080 1947 1215 1981 Corradi
1235 1948 1272 1980 de
1295 1947 1478 1980 Landriano
1507 1956 1603 1988 prov.
1623 1956 1743 1979 canon.
1765 1947 1830 1979 sub
1849 1957 1947 1989 exsp.
1968 1949 2073 1990 praeb.
2098 1951 2179 1983 eccl.

563 2015 592 2038 s.
608 2005 752 2038 Joannis
771 2005 812 2036 de
827 2004 962 2042 Vicu10,
980 2003 1186 2035 Placentinae
1205 2003 1251 2034 di.
1266 2002 1343 2034 -I.
1361 2011 1390 2034 e.
1402 2011 1449 2034 m.
1461 2010 1566 2042 praep.
1586 2010 1613 2033 s.
1630 2002 1775 2034 Joannis
1792 2002 1833 2034 de
1846 2002 1956 2034 Domo
1973 2003 2180 2044 Placentin.,

563 2063 596 2092 et
618 2060 761 2092 Nicolao
783 2059 969 2099 Cupalatae,
997 2057 1202 2093 Placentin.,
1228 2066 1266 2088 ac
1288 2056 1413 2088 Bosolo
1439 2056 1480 2088 de
1503 2056 1641 2093 Parma,
1667 2055 1769 2096 Papae
1794 2065 1881 2096 cap„
1899 2057 2088 2090 Tornacen.
2107 2067 2181 2091 can.

564 2114 643 2146 eccl.
661 2113 715 2151 (A.
735 2114 785 2149 25,
802 2113 824 2144 f.
844 2113 906 2144 608
921 2117 952 2149 ²3
976 2111 1009 2142 V.
1027 2113 1078 2151 81,
1098 2120 1151 2151 ep.
1169 2110 1280 2151 2828.)

608 2165 749 2198 24077.
767 2185 805 2190 -
821 2167 915 2198 Petro
933 2166 968 2196 de
985 2165 1130 2197 Chanaco
1143 2165 1365 2197 confirmatur
1378 2163 1531 2204 provisio
1550 2163 1618 2203 ipsi
1634 2171 1690 2195 xiv
1707 2163 1777 2195 kal.
1790 2163 1862 2204 J'an.
1882 2172 1969 2196 anno
1982 2165 2080 2198 VIII⁰
2093 2166 2182 2198 facta

563 2223 604 2254 de
620 2230 739 2253 canon.
757 2220 821 2252 sub
833 2229 930 2260 exsp.
943 2219 1046 2260 praeb.
1062 2219 1215 2251 ecclesiae
1232 2217 1489 2250 Lemovicensis
1503 2218 1544 2249 ad
1556 2217 1756 2249 instantiam
1772 2217 1891 2249 decani
1908 2219 1941 2250 et
1958 2219 2059 2260 capit.
2070 2219 2180 2260 ejusd.

563 2276 658 2313 eccl„
675 2276 755 2307 licet
771 2275 806 2306 in
824 2274 950 2306 litteris
965 2274 1112 2314 desuper
1127 2272 1291 2304 confectis
1307 2280 1511 2312 expressum
1524 2271 1626 2303 fuerit
1643 2271 1732 2312 quod
1747 2280 1866 2303 canon.
1878 2272 1911 2304 et
1926 2272 2029 2312 praeb.
2047 2273 2083 2304 in
2093 2273 2183 2305 Lau-

563 2330 688 2362 dunen.
710 2331 743 2361 et
765 2329 949 2361 Dauraten.
971 2327 1066 2365 eccl.‚
1084 2326 1300 2359 Lemovicen.
1317 2325 1377 2363 di„
1396 2325 1576 2362 obtineret,
1598 2325 1757 2366 quamvis
1777 2325 1873 2357 nulla
1888 2335 2008 2358 canon.
2028 2329 2060 2359 et
2075 2327 2180 2368 praeb.

565 2385 601 2415 in
619 2383 710 2415 dIcta
725 2383 923 2415 Laudunen.
941 2381 1023 2413 eccl.
1040 2381 1259 2419 obtinuisset,
1277 2389 1315 2412 ac
1334 2379 1495 2411 similiter
1510 2378 1679 2411 omissum
1694 2379 1799 2411 fuerit
1817 2379 1909 2420 quod
1925 2389 2058 2420 canon„
2074 2381 2179 2421 praeb.

563 2440 595 2470 et
612 2437 862 2470 thesaurariam
882 2436 917 2468 in
930 2435 1011 2468 eccl.
1031 2435 1152 2475 colleg.
1167 2444 1196 2466 s.
1211 2434 1355 2466 Joannis
1373 2433 1573 2465 Laudunen.
1590 2434 1673 2465 tunc
1686 2432 1867 2465 obtineret.
1888 2434 1944 2473 (A.
1963 2436 2014 2470 24,
2034 2435 2057 2467 f.
2073 2436 2134 2467 290
2146 2441 2160 2457 ³
2169 2445 2180 2474 ;

568 2491 601 2523 V.
618 2493 671 2530 80,
685 2499 738 2532 ep.
757 2491 846 2532 457.)

609 2542 749 2576 24078.
766 2564 803 2568 -
823 2543 910 2586 Ep.o
926 2543 1066 2575 Albensi.
1082 2543 1171 2575 Unio
1187 2541 1397 2582 archipresb.
1416 2541 1498 2574 eccl.
1518 2549 1546 2573 s.
1565 2541 1660 2573 Petri
1684 2541 1789 2573 castri
1807 2541 1848 2573 de
1868 2542 2039 2581 Gaurena,
2058 2542 2179 2576 Asten.

565 2600 626 2637 di„
643 2599 711 2641 ipsi
728 2601 761 2631 et
776 2598 928 2631 ecclesiae
941 2597 1084 2630 Albensi
1100 2596 1284 2637 temporali
1299 2595 1532 2636 jurisdictioni
1547 2594 1705 2635 subjecti,
1724 2595 1840 2627 favore
1854 2603 1980 2628 mensae
1995 2605 2076 2635 suae,
2090 2605 2179 2634 cum,

564 2663 607 2686 ex
624 2662 663 2686 eo
681 2653 773 2694 quod
786 2652 916 2684 dictum
931 2653 1083 2684 castrum
1100 2651 1274 2683 interdum
1289 2650 1331 2682 ad
1350 2657 1473 2682 manus
1494 2649 1734 2681 indevotorum
1748 2650 2053 2689 et'persecutorum
2068 2650 2177 2690 eJusd.

563 2707 646 2739 eccl.
667 2706 831 2740 Albensis
852 2706 994 2747 contigit
1014 2705 1186 2743 devenire,
1214 2704 1332 2745 gravia
1348 2703 1468 2736 eadem
1491 2703 1573 2735 eccl.
1599 2711 1662 2734 sua
1679 2703 1831 2735 incurrat
1852 2703 2006 2743 pericula
2021 2704 2054 2735 et
2074 2703 2178 2736 etiam

562 2761 768 2793 detrimenta
776 2771 786 2798 3
803 2761 977 2792 reservata
991 2761 1107 2792 tamen
1118 2759 1161 2791 de
1176 2758 1330 2800 ejusdem
1347 2757 1557 2798 archipresb.
1575 2756 1769 2789 redditibus
1784 2757 1948 2798 perpetuo
1964 2757 2104 2795 vicario,
2118 2757 2178 2797 qui

562 2814 649 2847 inibi
665 2815 857 2847 serviturus
872 2813 948 2852 erit,
965 2822 1113 2854 congrua
1131 2813 1300 2854 portione.
1317 2829 1356 2835 -·
1370 2812 1398 2843 I.
1416 2820 1445 2844 e.
1461 2820 1506 2842 m.
1526 2810 1602 2842 abb.
1620 2811 1767 2843 monast.
1784 2810 1824 2842 de
1839 2818 1867 2840 s.
1885 2810 2128 2848 Fronteniano,
2145 2811 2178 2842 et

562 2869 687 2901 Cenen.
701 2877 739 2900 ac
753 2869 793 2900 de
810 2868 976 2909 Trajecto,
1000 2866 1122 2900 Alben.
1142 2868 1175 2900 et
1188 2866 1343 2900 Gaietan.
1367 2866 1428 2903 di„
1446 2865 1528 2897 eccl.
1546 2863 1801 2905 archipr.is.(A.
1821 2865 1873 2900 25,
1893 2863 1916 2895 f.
1934 2864 1994 2894 229
2011 2863 2041 2900 ¹³5
2070 2863 2107 2895 V.
2124 2865 2175 2902 80,

562 2922 746 3006 012233372).
765 2993 804 2999 —
821 2974 978 3014 Conrado,
996 2979 1070 3006 nato
1087 2986 1119 3006 n.
1136 2985 1164 3007 v.
1193 2974 1347 3006 Willzelmi
1364 2974 1482 3005 comitis
1497 2972 1534 3004 de
1549 2971 1741 3012 Arnsberqlz,
1757 2979 1831 3002 can.
1846 2970 1993 3010 praeben.
2011 2970 2093 3003 eccl.
2112 2971 2175 3003 Os-

562 3029 801 3070 naburgensis,
818 3038 914 3070 prov,
933 3036 1052 3062 canon.
1073 3029 1138 3061 sub
1153 3037 1249 3069 exsp.
1266 3028 1370 3069 praeb.
1386 3028 1467 3060 eccl.
1483 3028 1520 3059 B.
1536 3027 1581 3059 M.
1601 3026 1747 3066 Aquen.,
1763 3023 1965 3056 Leodiensis
1983 3024 2030 3056 di.
2047 3043 2085 3048 -
2100 3024 2128 3056 Ι.
2144 3033 2175 3057 e.
