2540 3496
303 346 362 375 ⁴88

335 437 439 463 natum
457 426 644 462 Avenione.

370 538 407 566 20
423 539 506 564 mart.
529 536 540 562 Ι
546 532 613 562 327.

371 590 438 616 (xm
458 580 517 608 kal.
536 580 611 614 apr.)

422 627 453 653 Τ.
472 623 559 652 va.

366 806 400 832 21
424 806 506 831 mart.
528 803 538 829 Ι
544 800 615 829 327.

381 849 436 884 (xn
451 847 511 875 kal.
528 845 604 881 apr.)

440 892 470 919 T.
490 891 544 918 xi..

451 1071 487 1099 Ut
508 1079 531 1099 s.

453 1556 489 1584 Ut
509 1563 533 1582 s.

438 1601 468 1628 T.
485 1600 544 1627 XII.

452 1767 487 1795 Ut
503 1775 527 1794 s.

428 1812 459 1839 T.
481 1812 551 1840 XVI.

451 2035 488 2063 Ut
504 2043 528 2063 s.

398 2081 429 2108 T.
450 2080 495 2115 XI,
515 2079 588 2108 XIII.

452 2249 489 2278 Ut
508 2258 532 2277 s.

440 2294 470 2321 T.
486 2293 543 2321 XX.

452 2463 490 2492 Ut
510 2471 534 2491 s.

399 2508 430 2536 T.
447 2508 495 2543 XI,
511 2507 584 2535 XIII.

454 2626 491 2654 Ut
509 2634 533 2653 s.

402 2671 433 2698 T.
451 2670 498 2703 XI,
513 2669 586 2697 XIII.

456 2733 493 2762 Ut
511 2741 535 2761 s.

404 2779 436 2807 T.
453 2779 500 2812 XI,
520 2778 593 2806 XIII.

456 2842 493 2870 Ut
512 2850 536 2870 s.

403 2887 436 2917 T.
454 2886 501 2921 XI,
521 2887 593 2915 XIII.

456 2949 494 2977 Ut
512 2957 536 2981 s.

422 2994 454 3022 Τ.
475 2993 568 3022 XXVI.

705 338 879 371 JOANNIS
903 337 1022 369 PAPAE
1043 336 1146 368 XXII.
1171 337 1421 374 (1316-1334).
1445 353 1482 359 --
1506 333 1694 366 LITTERAE
1714 333 1942 365 COMMUNES

780 526 921 560 28241.
940 547 978 553 -
994 527 1192 559 Alamannus
1207 527 1412 560 transfertur
1428 527 1470 559 ab
1486 527 1685 569 episcopatu
1704 526 1873 559 Amelien.
1892 526 1935 558 ad
1953 526 2140 568 episcopat.
2159 526 2344 568 Anagnin„

735 592 797 624 per
813 583 968 615 translat.
984 582 1077 613 Petri
1095 581 1137 613 ad
1155 581 1392 622 episcopatum
1412 580 1594 613 Marsican.
1612 589 1667 622 ap.
1683 581 1719 614 S.
1740 581 1782 613 A.
1802 580 1930 621 praevia
1945 580 2099 621 generali
2119 589 2248 613 reserv.
2272 589 2345 613 vac.

736 640 768 669 et
783 637 826 668 R.
843 636 882 667 E.
900 635 1097 667 immediate
1111 634 1315 676 subjectum.
1332 652 1371 658 —
1388 634 1415 666 1.
1427 643 1456 667 e.
1473 643 1520 666 m.
1537 634 1640 675 capit.
1657 633 1739 667 eccl.
1754 634 1925 674 Anagnia.
1940 633 1983 666 R.
1996 634 2036 666 E.
2056 633 2254 666 immediate
2270 633 2347 666 sub-

732 690 845 731 jectae;
863 690 953 721 clero
970 689 1063 721 civit.
1083 690 1117 721 et
1132 688 1179 719 di.
1197 688 1366 729 Anagnia.
1375 698 1385 726 ;
1402 688 1529 729 populo
1542 688 1635 720 civit.
1651 689 1685 720 et
1700 687 1747 720 di.
1764 687 1934 728 Anagnia.
1947 696 1956 725 ;
1975 687 2069 719 univ.
2086 686 2250 719 vassallis
2265 687 2347 720 eccl.

736 743 905 783 Anagnin.
925 743 978 782 (A.
994 744 1045 778 27,
1064 742 1087 773 f.
1105 743 1165 774 3⁴5
1183 747 1213 780 ⁸3
1241 741 1275 773 V.
1294 743 1346 779 83,
1361 750 1414 782 ep.
1435 743 1539 781 1914.)

781 793 920 827 28242.
943 815 982 821 --
998 795 1170 838 Archiep.o
1194 795 1420 827 Terraconensi
1440 796 1556 827 mand.
1580 797 1618 828 ut
1633 795 1769 836 paroch.
1792 794 1872 827 eccl.
1899 794 1941 827 de
1959 794 2132 832 verduno,
2151 793 2270 827 Vicen.
2285 794 2348 832 di.,

734 851 809 892 (140
825 850 886 882 lib.
903 850 1152 882 Barchinonen.
1169 849 1328 890 monetae)
1345 849 1442 881 uniat
1454 857 1581 881 mensae
1598 848 1786 890 episcopali
1800 848 1934 887 Vicen.,
1945 848 2074 880 attento
2089 847 2182 889 quod
2195 856 2296 889 ep.us
2307 847 2350 880 de

735 904 904 937 fructibus
922 903 1020 936 dictae
1038 912 1166 936 mensae
1182 905 1265 936 2000
1287 903 1347 935 lib.
1369 902 1538 944 praedictae
1561 904 1706 935 monetae
1730 910 1903 935 summam
1931 910 1999 934 non
2016 901 2262 934 excedentibus
2280 909 2350 934 non

735 959 846 1000 possit
862 958 929 999 ipsi
946 958 1089 999 ejusque
1105 957 1246 990 familiae
1265 957 1446 998 providere
1461 965 1469 995 ;
1486 956 1636 988 instante
1653 955 1804 996 capitulo
1820 955 1939 988 Vicen.
1958 955 2011 996 (A.
2026 956 2078 992 27,
2096 954 2118 986 f.
2136 955 2201 988 80·
2209 966 2220 993 5
2241 954 2277 987 V.
2294 956 2348 994 83,

736 1022 788 1054 ep.
808 1014 912 1052 1213.)
2137 1041 2139 1044 .

781 1063 920 1097 28243.
940 1084 978 1089 ——
994 1065 1165 1097 Abbalibus
1180 1064 1217 1096 de
1233 1064 1374 1097 Gimonle
1390 1068 1418 1095 et
1435 1075 1461 1096 8.
1478 1064 1612 1096 Joanm's
1626 1063 1665 1095 de
1679 1063 1791 1101 Pinna,
1810 1062 1964 1094 Auxitan.
1981 1068 2010 1094 et
2030 1062 2137 1094 Osccn.
2155 1062 2215 1100 di.,
2232 1071 2351 1094 monas-

738 1121 895 1158 teriorum,
921 1124 1013 1161 atque
1034 1118 1155 1151 archid.
1174 1118 1364 1150 Belckitensi
1381 1119 1415 1149 in
1433 1117 1504 1149 eccl.
1530 1117 1801 1159 Caesarauqustan.
1823 1117 1937 1149 mand.
1962 1125 2024 1157 pro
2044 1116 2256 1149 relaxatione
2275 1124 2351 1148 sen-

735 1175 921 1207 tentiarum
946 1173 1186 1214 suspensionis
1212 1174 1246 1205 et
1270 1172 1446 1205 interdicti
1469 1172 1619 1204 latarum
1646 1173 1764 1204 contra
1792 1171 2006 1203 Bernardum
2030 1169 2107 1203 abb.
2135 1178 2175 1202 ac
2199 1169 2351 1211 priorem

736 1228 968 1265 claustralem,
985 1235 1116 1259 necnon
1129 1235 1247 1268 praep.‚
1265 1227 1521 1266 praecentorem,
1537 1225 1731 1261 sacristam,
1747 1224 1978 1256 infirmarium
1991 1225 2025 1256 et
2038 1222 2351 1264 eleemosynarium

736 1283 882 1314 monast.
897 1282 1227 1322 MonUsaragonum,
1243 1281 1283 1313 O.
1298 1281 1333 1313 S.
1350 1280 1407 1318 A„
1424 1280 1546 1313 Oscen.
1568 1278 1630 1325 di.,
1648 1287 1686 1310 ac
1702 1279 1744 1311 de
1759 1278 1965 1320 Sarangem,
1984 1278 2026 1310 de
2042 1277 2146 1310 Belca
2161 1278 2195 1310 et
2211 1277 2254 1310 de
2266 1276 2351 1310 Gor-

736 1345 795 1368 rea
817 1336 1044 1376 prioratuum,
1070 1335 1142 1367 ord.
1167 1336 1200 1367 et
1222 1334 1268 1366 di.
1291 1334 1545 1375 praedictorum,
1566 1332 1633 1365 eid.
1651 1329 1860 1364 monasterio
1875 1331 2120 1373 subjectorum,
2139 1331 2288 1372 priores,
2308 1330 2352 1363 oh

736 1399 805 1422 non
823 1389 974 1422 solutum
995 1389 1201 1426 subsidium,
1221 1388 1313 1428 quod
1331 1386 1488 1426 Gastoni,
1506 1395 1585 1428 ep.o
1602 1387 1759 1424 Oscensi,
1776 1394 1977 1418 concessum
1999 1385 2066 1417 fuit
2089 1393 2194 1426 supra
2215 1384 2353 1417 canoni·

737 1453 795 1476 cos
813 1443 933 1476 Oscen.
957 1444 991 1475 et
1010 1443 1159 1480 Jaccen.,
1181 1442 1301 1474 Oscen.
1322 1441 1383 1480 di.,
1407 1440 1562 1482 aliasque
1586 1448 1752 1481 personas
1776 1439 1979 1478 ecclesiast„
2000 1438 2109 1480 eJ‘usd.
2138 1437 2199 1477 di.,
2224 1438 2353 1471 attento

738 1497 828 1537 quod
845 1505 922 1528 cum
938 1497 1057 1528 eodem
1073 1504 1150 1536 ep.o
1164 1496 1285 1536 postea
1301 1495 1561 1527 concordarunt.
1580 1494 1633 1533 (A.
1649 1495 1700 1532 27,
1718 1493 1742 1525 f.
1763 1494 1802 1526 79
1817 1498 1847 1530 ·;
1869 1492 1906 1536 V.
1923 1494 1977 1529 83,
1991 1501 2044 1533 ep.
2064 1493 2171 1532 1238.)

782 1547 921 1580 28244.
943 1566 982 1572 —-
999 1549 1145 1580 Ministro
1164 1548 1199 1579 0.
1221 1548 1258 1580 F.
1281 1549 1324 1580 M.
1349 1549 1381 1580 in
1397 1547 1563 1589 provincia
1580 1547 1749 1589 Araqoniae
1764 1547 1878 1578 mand.
1898 1547 1936 1578 ut
1951 1545 2185 1579 Guillermum
2203 1544 2354 1583 Morem,

737 1604 879 1636 fratrem
894 1603 978 1635 dicti
992 1603 1078 1639 ord.,
1093 1611 1154 1643 per
1168 1602 1283 1643 ipsum
1301 1603 1441 1642 propter
1454 1601 1609 1642 quaedam
1622 1600 1725 1641 Papae
1738 1600 1873 1641 prolata
1883 1599 2105 1632 Barchinonae
2119 1598 2247 1632 carceri
2260 1606 2355 1631 man-

737 1658 901 1698 cipatum,
919 1656 1048 1697 absque
1063 1656 1238 1689 tarditatis
1252 1655 1428 1687 obstaculo
1443 1654 1567 1686 liberet
1580 1662 1598 1686 e
1613 1662 1760 1686 carcere.
1778 1653 1831 1694 (A.
1849 1654 1902 1692 27,
1918 1653 1942 1685 f.
1958 1654 1999 1685 82
2014 1653 2043 1691 ὓ,
2069 1652 2102 1684 V.
2119 1654 2171 1690 83,
2188 1661 2240 1694 ep.
2257 1653 2353 1690 12:393

736 1711 859 1750 Eube1,
878 1710 1057 1743 Bullarium
1073 1709 1336 1747 Franciscanum,
1353 1710 1378 1741 t.
1394 1709 1436 1747 V,
1455 1718 1488 1749 p.
1506 1709 1580 1744 320,
1598 1716 1632 1739 n.
1650 1708 1738 1747 652.)

783 1762 922 1796 28245.
943 1783 982 1788 -
999 1763 1114 1795 Eidem
1128 1763 1243 1795 mand.
1257 1764 1296 1795 ut
1310 1762 1510 1804 gravamina
1524 1761 1621 1794 illata
1638 1760 1803 1793 fratribus
1819 1761 1901 1793 dicti
1919 1760 2051 1793 ordinis
2065 1760 2250 1802 provincia·
2267 1759 2354 1792 Ara-

738 1820 847 1860 goniae
867 1820 900 1851 et
919 1819 1066 1850 maxime
1084 1818 1120 1849 in
1141 1817 1299 1849 custodia
1317 1816 1539 1848 Barchinonae
1559 1824 1602 1848 ex
1624 1823 1664 1847 eo
1679 1815 1772 1856 quod
1788 1816 1906 1847 contra
1920 1815 2088 1861 quosdam
2105 1814 2142 1847 in
2158 1814 2224 1846 fide
2247 1813 2354 1846 delin-

693 1866 698 1870 ’
738 1874 882 1914 quentes
900 1881 1014 1904 coram
1030 1870 1295 1912 inquisitoribus
1307 1870 1490 1911 pravitatis
1506 1868 1673 1902 haereticae
1687 1868 1826 1900 veritati
1842 1868 2081 1900 testimonium
2095 1867 2354 1909 perhibuerunt,

738 1930 812 1959 sine
837 1935 935 1958 mora
960 1926 1095 1957 revocet
1117 1926 1149 1957 et
1171 1924 1214 1956 ab
1234 1924 1424 1956 inferendis
1445 1932 1524 1955 cum
1548 1923 1669 1955 effectu
1691 1922 1838 1954 desistat
1856 1923 1889 1954 et
1910 1921 2014 1954 faciat
2030 1921 2208 1954 desistere.
2229 1921 2285 1962 (A.
2300 1921 2354 1959 27,

738 1982 763 2013 f.
779 1982 819 2013 85
835 1985 864 2017 *ς
887 1979 922 2011 V.
940 1981 992 2017 83,
1010 1987 1063 2019 ep.
1085 1980 1183 2016 12403
1199 1977 1321 2016 Eubel,
1336 1983 1370 2009 uc
1386 1988 1425 2014 s.,
1444 1986 1477 2023 n.
1495 1977 1569 2014 653,
1587 1985 1621 2017 p.
1637 1977 1724 2014 321.)

785 2030 921 2063 28246.
941 2052 979 2057 -
996 2033 1116 2065 Joanm·
1127 2032 1328 2064 Buccamacii
1344 2031 1457 2064 collat.
1478 2039 1598 2063 canon.
1615 2029 1682 2062 sub
1694 2038 1791 2071 exsp.
1809 2029 1913 2071 praeb.
1926 2029 2007 2062 eccl.
2024 2029 2059 2062 S.
2075 2028 2121 2062 M.
2137 2029 2179 2062 de
2193 2027 2355 2070 Piper-no,

739 2089 956 2121 Terracinen.
976 2088 1038 2124 di..
1053 2087 1184 2119 consid.
1202 2086 1346 2119 Roberti
1363 2086 1454 2127 regis
1469 2085 1607 2118 Siciliae.
1626 2103 1663 2108 —
1679 2084 1706 2116 I.
1722 2093 1752 2116 e.
1771 2093 1816 2116 m.
1835 2093 1923 2125 mag.
1941 2084 2051 2116 Bindo
2064 2084 2106 2116 de
2123 2083 2237 2122 Senis,
2249 2091 2356 2124 praep.

739 2143 929 2180 Colonien,
948 2143 1018 2174 not.
1042 2141 1126 2178 PR,
1145 2143 1177 2173 et
1192 2150 1220 2173 s.
1241 2140 1418 2172 Benedicti
1435 2149 1473 2172 ac
1491 2148 1520 2172 s.
1538 2138 1744 2172 Christofori
1764 2138 1805 2170 de
1824 2138 1974 2178 Piperno
1991 2137 2221 2176 saecularium,
2238 2137 2358 2170 Terra-

740 2198 850 2229 cinen.
867 2196 929 2234 di.,
948 2196 1029 2228 eccl.
1050 2194 1243 2227 abhatibus.
1261 2195 1315 2235 (A.
1334 2195 1386 2232 27,
1405 2194 1428 2225 f.
1450 2194 1504 2225 131
1522 2192 1553 2231 l';
1574 2192 1607 2225 V.
1625 2193 1676 2231 83,
1694 2201 1747 2233 ep.
1767 2193 1872 2232 1360.)

784 2247 924 2280 28247.
945 2267 984 2273 —
1004 2247 1172 2284 Gonsalvo,
1198 2248 1356 2289 archiep.o
1380 2247 1602 2286 Bracharensi,
1626 2246 1742 2278 mand.
1766 2247 1804 2278 ut
1832 2255 1910 2278 cum
1932 2245 2077 2278 Alfonso
2102 2245 2209 2283 Petri,
2233 2243 2359 2278 scolari

739 2304 999 2344 Portugalensis
1020 2303 1080 2341 di.,
1101 2303 1212 2344 ipsius
1231 2302 1408 2340 familiari,
1427 2301 1468 2333 de
1485 2300 1689 2342 presbytero
1707 2301 1740 2332 et
1758 2300 1871 2332 soluta
1886 2299 2014 2340 genito,
2032 2308 2136 2340 super
2150 2298 2285 2331 defectu
2300 2306 2358 2330 na-

739 2358 863 2390 talium
878 2357 1055 2397 dispenset
1071 2357 1112 2388 ad
1126 2365 1246 2388 omnes
1264 2356 1402 2388 ordines
1420 2356 1452 2387 et
1467 2354 1578 2387 benef.
1597 2353 1786 2386 ecclesiast.
1804 2353 1908 2385 etiam
1924 2362 1953 2385 c.
1969 2362 1997 2385 c.
2016 2352 2212 2385 obtinenda.
2232 2351 2286 2392 (Α.
2304 2352 2357 2389 27,

740 2411 764 2443 f.
785 2412 840 2442 141
861 2410 891 2448 ι>;
916 2410 950 2442 V.
967 2412 1018 2448 83,
1036 2419 1088 2451 ep.
1111 2410 1216 2449 1382.)
2010 2436 2015 2440 .

787 2461 923 2494 28248.
937 2482 974 2488 -
990 2464 1126 2495 Martiae
1137 2463 1294 2505 Stephani
1306 2472 1400 2504 prov.
1415 2471 1534 2494 canon.
1551 2461 1616 2494 sub
1627 2470 1724 2501 exsp.
1741 2460 1845 2501 praeb.
1863 2460 1944 2492 eccl.
1959 2460 2142 2493 Tudensis.
2157 2479 2196 2484 -—
2208 2460 2248 2492 In
2263 2453 2356 2495 ejm.

739 2519 889 2550 thesaur.
918 2519 1052 2558 visen„
1082 2519 1115 2550 et
1143 2517 1287 2555 cantori,
1313 2526 1351 2549 ac
1377 2516 1502 2549 Joanni
1525 2514 1711 2553 Vincentii‚
1737 2523 1809 2546 can.
1835 2514 2081 2546 Bracharensis
2107 2514 2187 2546 eccl.
2221 2513 2276 2555 (A.
2303 2514 2357 2552 27,

742 2572 766 2604 f.
784 2573 839 2603 141
861 2577 891 2608 =;
915 2572 950 2603 V.
968 2573 1019 2608 83,
1037 2580 1089 2611 ep.
1112 2572 1216 2611 1383.)

787 2622 925 2655 28249.
944 2644 982 2649 --
1001 2624 1228 2656 Bartholomaeo
1245 2625 1333 2656 Petri
1352 2624 1471 2656 eadem
1489 2624 1600 2665 gratia
1619 2623 1655 2655 in
1675 2623 1757 2655 eccl.
1777 2631 1805 2655 s,
1830 2622 1970 2655 Martini
1987 2622 2028 2654 de
2044 2622 2222 2660 Citofacta,
2239 2621 2359 2654 Portu-

742 2680 852 2721 galen.
870 2679 918 2710 di.
936 2697 976 2702 —
991 2679 1030 2710 In
1047 2688 1076 2711 e.
1094 2688 1138 2711 m.
1156 2680 1194 2710 ut
1208 2688 1237 2710 s.
1256 2679 1308 2718 (A.
1327 2680 1381 2716 27,
1398 2678 1422 2711 f.
1442 2680 1500 2710 141
1519 2683 1549 2716 ²3
1572 2677 1608 2710 V.
1627 2678 1680 2715 83,
1699 2686 1751 2718 ep.
1770 2678 1875 2716 1384.)

789 2729 927 2763 28250.
946 2750 983 2756 -
1000 2733 1128 2764 Eadem
1144 2732 1254 2773 gratia
1271 2732 1365 2763 Petro
1382 2730 1548 2763 Denaudin
1564 2731 1600 2763 in
1617 2731 1699 2763 eccl.
1721 2730 1975 2768 vimaranensi,
1994 2728 2238 2762 Bracharensis
2255 2728 2303 2760 di.
2319 2745 2359 2752 —

742 2787 781 2819 In
802 2795 832 2818 e.
852 2795 897 2818 m.
915 2787 952 2818 ut
968 2795 995 2818 s.
1015 2786 1067 2825 (A.
1085 2787 1137 2822 27,
1154 2786 1177 2817 f.
1197 2787 1252 2817 111
1269 2785 1299 2824 b;
1323 2785 1356 2818 V.
1373 2787 1425 2823 83,
1443 2794 1494 2826 ep.
1516 2785 1625 2825 1385.)

787 2837 930 2870 28251.
949 2857 984 2862 -
1002 2839 1096 2870 Petro
1112 2839 1242 2880 Alfonsi
1254 2839 1372 2871 eadem
1386 2840 1496 2880 gratia
1512 2839 1547 2870 in
1562 2838 1643 2871 eccl.
1659 2837 1898 2871 Ulixbonensi.
1915 2854 1953 2860 —
1969 2838 2008 2869 In
2025 2846 2053 2869 e.
2075 2846 2120 2869 m.
2139 2838 2176 2868 ut
2193 2845 2221 2868 s,
2234 2835 2288 2878 (A.
2305 2837 2356 2872 27,

743 2894 767 2926 f.
786 2895 842 2926 141
862 2893 894 2932 *³5
921 2893 957 2926 V.
975 2895 1026 2929 83,
1042 2902 1095 2934 ep.
1115 2892 1223 2933 1386.)

789 2944 930 2978 28252.
949 2966 987 2971 —
1008 2946 1152 2983 Cantori,
1174 2950 1203 2978 et
1219 2947 1391 2978 Laurentio
1408 2946 1541 2978 Martini
1558 2945 1705 2977 Palumbi
1722 2956 1757 2976 ac
1776 2945 1912 2977 Get-aldo
1925 2945 2098 2983 ‘Vim-enm,
2116 2955 2183 2976 can.
2202 2943 2274 2975 eccl.
2297 2944 2358 2975 La-

744 3011 869 3040 mecen.,
897 3001 1124 3034 committitur
1139 3009 1243 3033 causa
1264 3002 1403 3033 vertens
1421 3000 1511 3032 inter
1526 2999 1750 3038 Gonsalvum,
1768 2999 1979 3040 archiep.um
1997 2998 2214 3034 Bracharen.‚
2230 3006 2274 3030 ex
2290 3006 2359 3030 una

743 3057 852 3096 parte,
870 3056 903 3087 et
920 3055 1097 3091 decanum,
1115 3055 1230 3095 capit„
1250 3054 1377 3087 archid.
1395 3055 1428 3086 et
1444 3054 1531 3086 alios
1546 3054 1581 3086 in
1596 3053 1821 3095 dignitatibus
1837 3054 1871 3085 et
1885 3052 2125 3094 personatibus
2140 3051 2357 3090 constitutos,
2379 3091 2384 3095 .
2439 3042 2469 3094 ,Ὗ
2538 3058 2539 3062 ’
