2540 3496
312 322 374 352 514

342 413 447 440 Datum
471 407 657 441 Avenione.
712 425 714 458 ζ

383 515 424 543 23
442 523 504 550 apr.
527 514 614 542 «1:327.

382 562 425 596 (rx
442 560 500 587 kal.
516 559 608 593 maii.)

393 604 423 630 T.
443 604 515 636 Xlll,
533 603 602 630 xx'l.

380 833 418 860 24
437 842 498 868 apr.
526 833 610 861 1327.

367 883 434 913 (vm
454 878 512 906 kal.
530 878 624 914 maii.)

411 924 442 951 T.
465 923 495 957 L,
516 924 572 951 l.ll.

453 1050 489 1078 Ut
510 1059 533 1078 S.

426 1095 456 1122 T.
478 1095 558 1123 XXX.

446 1482 481 1509 Ut
502 1490 525 1509 S.

438 1527 468 1554 Τ.
487 1528 542 1554 xl..

450 1751 486 1778 Ut
504 1760 527 1778 s.

425 1796 455 1823 'l.
474 1797 554 1823 XXX.

447 2397 481 2425 Ut
503 2407 525 2424 s.

417 2442 447 2470 Τ,
473 2443 553 2471 XXX.

441 2667 475 2694 Ut
496 2676 520 2694 s.
539 2670 548 2686 “-’

390 2711 419 2738 T.
444 2712 488 2744 xl,
503 2712 575 2740 XIII.

723 318 898 350 JOANNlS
922 317 1040 348 PAPAE
1063 316 1165 347 XXII.
1189 315 1440 357 (ww-1334).
1465 334 1502 339 —
1525 315 1714 348 LlTTssRAE
1737 316 1963 350 COMMUNES

787 507 928 540 28515.
948 527 986 532 —
1005 508 1169 540 Bernardo
1187 508 1225 540 de
1243 509 1350 541 Cornu
1367 509 1480 542 collat.
1499 510 1672 551 prioratus
1690 511 1731 543 de
1748 511 1933 548 Bonoloco,
1951 513 1990 546 O.
2010 513 2045 547 S.
2064 514 2117 550 B.,
2137 514 2358 548 caturcensis

744 564 804 600 di.,
822 562 1030 594 monasterio
1046 562 1235 601 Carrofen„
1249 563 1331 594 dicti
1345 563 1432 602 ord„
1449 563 1625 596 Pictaven.
1644 563 1704 602 di.,
1723 564 1921 598 immediate
1935 566 2081 607 subjecti
2097 568 2131 600 et
2146 577 2208 609 per
2223 567 2361 601 obitum

711 626 713 632 ⁴
743 617 914 657 quondam
938 617 1047 648 Heliae
1067 617 1158 657 apud
1182 617 1216 649 S.
1240 618 1282 649 A.
1301 617 1456 649 vacantis
1463 626 1474 654 ς
1495 618 1690 650 Bernardus
1710 627 1791 651 vero
1810 627 1872 660 per
1893 619 1980 652 alias
2002 620 2137 653 litteras
2156 621 2357 655 habilitatus

743 671 854 702 fuerat
872 678 976 710 super
991 679 1031 702 eo
1049 670 1139 711 quod
1152 670 1282 702 dictum
1296 670 1487 711 prioratum
1503 679 1546 703 ex
1558 671 1672 704 collat.
1687 671 1822 705 abbatis
1837 673 1991 714 proedicti
2006 675 2153 707 monast.
2169 677 2354 717 receperat.

710 733 713 759 a
742 742 779 747 -
796 724 835 755 In
851 732 879 756 e.
897 733 942 755 m.
959 724 1000 756 de
1021 725 1145 757 Sancto
1159 723 1316 756 Amando
1333 725 1367 756 et
1385 725 1427 756 de
1441 725 1682 763 Terrassonio‚
1695 725 1863 758 Sarlaten.
1878 726 1939 764 di.,
1953 728 2240 761 monasteriorum
2255 729 2357 762 abba-

710 761 712 827 }
741 777 845 815 tibus,
863 787 901 808 ac
916 786 1019 818 praep.
1035 777 1115 809 eccl.
1134 778 1314 818 Regensis.
1334 777 1386 816 (A.
1402 779 1454 816 28,
1471 778 1495 809 f.
1511 779 1552 810 5⁴
1567 778 1598 816 b,
1623 778 1660 811 V.
1680 780 1733 818 84,
1753 788 1804 820 ep.
1821 781 1928 820 2422.)

710 857 711 871 2
786 828 925 861 28516.
943 850 981 855 -
1001 831 1107 869 Petro,
1129 831 1287 873 archiep.o
1312 831 1599 873 Caesarauqustan.,
1617 833 1742 865 indult.
1766 835 1804 866 ut
1819 834 1988 867 ecclesias
2005 836 2039 867 et
2054 836 2264 868 monasteria
2281 845 2356 869 sua·

742 894 818 916 rum
839 885 946 923 civit„
970 885 1015 916 di.
1041 887 1075 918 et
1093 886 1277 926 provincias
1301 886 1414 926 possit
1432 895 1542 926 usque
1565 886 1608 918 ad
1629 896 1758 919 annum
1774 896 1836 928 per
1853 888 1961 920 alium
1977 888 2131 926 visitare.
2151 890 2256 922 etiam
2275 891 2355 923 ante

740 939 974 970 visitationem
997 939 1079 971 eccl.
1099 940 1422 980 Caesaraugustanae.
1446 958 1487 963 —
1505 940 1530 971 Ι.
1555 949 1584 972 e.
1605 949 1650 973 m.
1669 941 1845 974 Mimaten.
1870 943 1903 974 et
1925 942 2125 975 Sistaricen.
2142 943 2352 985 praepositis,

709 1003 710 1008 ¹
741 1001 779 1024 ac
797 993 998 1032 praecentori
1012 993 1268 1026 Antisiodoren.
1285 994 1366 1025 eccl.
1386 993 1440 1035 (A.
1462 995 1471 1015 ¹
1487 995 1539 1034 27,
1557 994 1581 1025 f.
1600 995 1659 1026 165
1677 993 1707 1032 1>;
1730 994 1765 1026 V.
1784 997 1836 1033 83,
1853 1004 1906 1036 ep.
1927 997 2032 1035 ¹462.)

708 1077 710 1085 ζ
786 1043 922 1077 28517.
944 1066 983 1070 -
998 1048 1215 1079 Revocantur
1231 1048 1273 1079 ad
1287 1048 1322 1080 S.
1338 1048 1378 1079 A.
1394 1057 1540 1080 examen
1555 1057 1674 1080 omnes
1690 1057 1801 1081 causae
1814 1051 1848 1082 et
1859 1050 2067 1090 quaestiones
2080 1052 2252 1084 vertentes
2265 1051 2367 1084 inter·

708 1090 710 1099 ’
739 1100 928 1142 ανεΙιῐεμωη
947 1101 1140 1139 Narbonem„
1164 1110 1206 1132 ex
1229 1110 1308 1139 una,
1333 1103 1365 1133 et
1382 1111 1487 1143 epam
1506 1102 1745 1141 Car-cassanen„
1765 1112 1808 1135 ex
1825 1103 1933 1136 altera
1949 1105 2057 1145 parte,
2076 1113 2180 1146 super
2193 1104 2354 1146 iurisdic-

738 1154 830 1186 tione
854 1155 1028 1195 spirituali
1052 1164 1153 1196 quam
1177 1156 1211 1187 in
1235 1155 1320 1187 villa
1344 1156 1385 1187 de
1408 1156 1533 1188 Crassa
1550 1156 1692 1197 ejusque
1713 1157 1888 1189 territorio
1910 1158 2055 1198 quilibet
2081 1167 2200 1191 eorum
2226 1158 2354 1192 habere

706 1213 708 1249 ξ
738 1209 929 1248 praetendit,
952 1218 1030 1240 cum
1052 1210 1130 1241 inde
1154 1209 1326 1246 scandala,
1348 1210 1590 1250 percussiones
1606 1212 1644 1251 bet
1660 1211 1804 1243 vulnera
1821 1211 2005 1244 subsecuta
2019 1212 2146 1245 fuerint
2161 1214 2194 1245 et
2209 1212 2354 1254 insuper

706 1290 707 1301 2
739 1270 840 1301 grave
863 1263 1053 1303 periculum
1077 1272 1138 1304 pro
1155 1263 1338 1304 temporali
1354 1264 1596 1304 jurisdictione
1615 1264 1650 1295 in
1668 1265 1741 1296 ead.
1763 1265 1847 1298 villa
1862 1266 2036 1306 spectante
2051 1266 2094 1298 ad
2108 1266 2265 1299 abbatem
2280 1275 2355 1299 mo-

706 1306 707 1344 ]
736 1318 824 1347 nast.
844 1317 1017 1355 Crassen„
1036 1318 1077 1348 ad
1091 1318 1134 1349 R.
1149 1318 1187 1349 E.
1205 1318 1300 1349 nullo
1315 1318 1428 1350 medio
1442 1318 1582 1358 pertin„
1596 1318 1635 1351 Ο.
1654 1319 1688 1351 S.
1707 1319 1760 1356 Β.,
1779 1319 2024 1351 Carcassonen.
2043 1320 2105 1358 di.,
2121 1320 2282 1361 praedicta
2296 1321 2354 1362 ju-

705 1373 707 1391 1
737 1370 936 1402 risdictione
950 1371 1124 1412 spirituali
1142 1372 1184 1403 ad
1203 1381 1343 1403 manum
1359 1372 1539 1403 Pontificis
1557 1372 1710 1405 totaliter
1730 1374 1938 1411 remanente,
1955 1373 2061 1406 donec
2075 1382 2134 1415 per
2152 1383 2232 1407 eum
2248 1383 2352 1416 super

705 1426 707 1458 l
737 1424 781 1455 iis
797 1425 890 1456 aliud
909 1425 1011 1457 fuerit
1028 1425 1234 1458 ordinatum.
1252 1426 1305 1465 (A.
1320 1427 1370 1463 27,
1387 1426 1410 1458 t'.
1428 1426 1486 1458 180
1502 1431 1531 1464 ⁸3
1555 1426 1591 1458 V.
1608 1427 1660 1464 83,
1677 1435 1730 1467 ep.
1749 1428 1857 1467 1465.)

705 1461 707 1512 f
781 1476 922 1509 28518.
943 1499 981 1503 -
999 1480 1169 1521 ΑνεΙιὶερ.ο
1188 1479 1432 1521 Compostellan.
1453 1472 1566 1512 mand.
1585 1482 1754 1521 quatenus
1773 1481 1924 1524 instante
1939 1481 2084 1514 Alfonso
2099 1491 2178 1523 rege
2193 1482 2351 1516 Castelloe

705 1520 706 1574 J
737 1534 768 1563 et
792 1533 965 1573 Legionis,
990 1543 1067 1565 cum
1092 1534 1175 1565 Aria
1197 1534 1384 1572 Fernandi,
1410 1534 1510 1570 laico,
1530 1536 1563 1566 et
1585 1535 1742 1566 Leonora
1766 1535 1910 1574 Garciae,
1937 1535 2082 1568 muliere
2105 1536 2209 1568 vidua
2231 1536 2352 1570 relicta

704 1579 706 1614 Ῡ
737 1587 851 1620 Didaci
869 1588 968 1628 Lupi,
983 1588 1107 1619 Lucen.
1122 1587 1182 1623 di.,
1198 1587 1376 1628 dispenset
1394 1589 1431 1620 ut
1447 1588 1482 1619 in
1495 1588 1648 1620 matrim.
1663 1589 1753 1620 inter
1773 1597 1831 1621 eos
1847 1593 1892 1620 1νο
1907 1590 2129 1630 consanguin.
2147 1590 2255 1631 gradu
2274 1599 2351 1624 con-

704 1615 706 1674 !
732 1645 868 1684 J‘unctos
885 1641 1032 1673 scienter
1049 1643 1220 1672 contracto
1237 1650 1413 1673 remanere
1432 1641 1577 1679 valeant,
1595 1643 1722 1682 praevia
1738 1642 1954 1675 absolutione
1972 1643 2014 1674 ab
2028 1652 2159 1676 excom.
2177 1645 2348 1677 sententia

703 1675 705 1735 1
735 1699 915 1738 propterea
930 1696 1080 1727 incursa.
1100 1696 1153 1734 (Α.
1169 1697 1221 1733 27,
1241 1696 1265 1727 f.
1281 1697 1341 1727 283
1357 1701 1386 1732 ⁸3
1408 1695 1441 1727 V.
1460 1697 1512 1731 83,
1531 1704 1583 1736 ep.
1604 1698 1710 1735 1750.)

703 1737 705 1763 ³
779 1748 918 1781 28519.
941 1767 977 1772 --
1003 1750 1108 1780 Priori
1130 1749 1375 1780 Praedicatorum
1398 1754 1427 1780 ct
1448 1749 1626 1790 quar-diano
1650 1750 1808 1781 Minor-um
1828 1750 1966 1791 fratrum
1986 1750 2053 1783 ord.
2078 1751 2116 1782 dc
2137 1751 2350 1794 Monlepessu·

703 1789 705 1812 ³
735 1805 816 1841 lano,
832 1804 1026 1845 Moyalonen.
1046 1803 1103 1842 di.,
1121 1804 1235 1835 mand.
1251 1805 1300 1841 ut,
1315 1804 1356 1835 ad
1373 1805 1520 1835 monast.
1538 1804 1572 1836 S.
1591 1804 1636 1835 M.
1654 1804 1695 1836 de
1708 1804 1833 1844 Rippa,
1851 1813 1912 1844 per
1924 1805 2128 1845 priorissam
2143 1806 2238 1838 soliti
2253 1806 2347 1847 gub„

702 1843 704 1891 J
734 1860 771 1891 O.
788 1860 822 1891 S.
838 1860 891 1896 A.‚
907 1859 1004 1889 dictae
1020 1858 1079 1895 di.,
1096 1867 1131 1889 se
1145 1858 1373 1898 personaliter
1387 1857 1613 1895 conferentes,
1631 1858 1807 1898 inquirant
1822 1859 1855 1890 et
1870 1858 2020 1890 referant
2035 1867 2077 1891 an
2092 1868 2173 1892 vera
2188 1860 2258 1892 sint
2271 1869 2347 1902 quae

702 1911 704 1964 j
734 1913 904 1944 Richarda
926 1912 966 1943 de
989 1912 1215 1947 Monteacuto,
1242 1911 1421 1951 priorissa,
1447 1911 1628 1951 Messegna
1650 1911 1691 1942 de
1717 1912 1852 1952 Ruggia
1872 1913 1904 1944 et
1923 1912 2112 1945 Gaucelina
2129 1913 2344 1952 Bremundae.

702 1997 703 2000 ,
733 1976 765 1997 n
752 1966 900 1997 oniales
925 1966 1033 2006 eJusd.
1059 1966 1220 2002 monast„
1251 1965 1286 1996 in
1312 1965 1519 1996 concistorio
1542 1974 1657 1997 coram
1684 1965 1779 2005 Papa
1803 1967 2065 2006 proposuerunt,
2097 1967 2230 1999 scilicet
2254 1967 2346 2008 quod

733 2020 972 2060 Be1enga1³1uS‚
998 2020 1092 2060 prim
1109 2019 1283 2060 prioratus
1305 2019 1345 2050 de
1363 2018 1531 2057 Fabricis,
1552 2019 1624 2050 ord.
1645 2020 1677 2051 et
1695 2019 1742 2050 di.
1758 2020 2010 2059 praedictorum,
2030 2021 2090 2061 qui
2105 2029 2142 2052 se
2154 2021 2294 2062 gerebat
2310 2023 2345 2054 et

701 2067 702 2115 J
733 2075 819 2114 gerit
836 2083 897 2114 pro
917 2074 1094 2105 visitatore
1117 2074 1265 2105 monast.
1289 2072 1471 2113 praelibati,
1492 2073 1534 2104 ad
1553 2074 1700 2105 monast.
1723 2073 1838 2114 ipsum
1860 2075 2050 2106 accesserat
2068 2075 2102 2107 et
2117 2074 2344 2108 Hermessan·

700 2117 702 2173 j
732 2129 823 2164 dam,
840 2130 919 2159 tunc
941 2127 1108 2168 virginem
1126 2135 1164 2158 ac
1178 2127 1285 2167 ejusd.
1303 2128 1450 2158 monast.
1467 2127 1683 2167 priorissam,
1698 2127 1974 2167 proditionaliter
1988 2128 2170 2160 deflorarat
2186 2128 2342 2168 invitam,

700 2179 702 2186 ²
732 2183 932 2223 prolemque
954 2183 1151 2222 susceperat
1173 2190 1214 2213 ex
1234 2181 1364 2221 eadem,
1388 2181 1478 2221 quod
1497 2181 1660 2213 similiter
1675 2183 1878 2222 cognoverat
1896 2182 2078 2214 carnaliter
2094 2183 2263 2215 Joannam
2277 2183 2346 2216 De-

700 2222 702 2231 ⁵
732 2237 861 2273 Iueruc,
888 2236 997 2277 ejusd.
1020 2237 1166 2267 monast.
1193 2235 1390 2273 monialem,
1417 2235 1509 2276 quod
1529 2235 1619 2267 bona
1636 2235 1745 2276 ejusd.
1766 2237 1912 2267 monast.
1936 2235 2183 2276 dilapidaverat
2207 2237 2343 2278 aliaque

733 2291 884 2322 facinora
910 2291 1027 2322 contra
1054 2289 1222 2321 moniales
1251 2290 1283 2320 et
1305 2298 1401 2321 conv.
1429 2289 1542 2329 ipsius
1569 2291 1713 2321 monast.
1742 2290 2008 2330 perpetraverat.
2034 2290 2086 2329 (A
2111 2292 2162 2327 27,
2187 2290 2210 2322 f.
2229 2291 2289 2323 287
2306 2296 2343 2328 *ς

737 2345 772 2375 V.
791 2346 841 2379 83,
861 2354 914 2384 ep.
932 2346 1021 2376 1767.
1028 2346 1037 2381 )

778 2396 917 2428 23520.
937 2417 975 2421 -—
996 2398 1060 2439 Ep
1067 2408 1083 2428 o
1107 2398 1274 2438 Leqzonen.
1294 2397 1408 2430 mand.
1436 2399 1604 2438 quatenus
1629 2383 1707 2429 cum
1728 2398 1908 2429 Fernando
1931 2398 2167 2438 Gundissalvi,
2191 2399 2292 2438 laico,
2311 2401 2344 2432 et

731 2452 853 2483 Saucia
876 2452 1017 2488 Sanciae,
1034 2453 1112 2483 nata
1129 2452 1254 2492 quond.
1272 2452 1390 2483 Alvari
1406 2451 1578 2483 Nunionis
1596 2451 1676 2483 dicti
1694 2451 1829 2488 Osorio,
1845 2451 1989 2483 muliere
2007 2452 2190 2492 Legionen.
2210 2452 2270 2488 di.,
2289 2462 2344 2485 su·
2378 2463 2382 2466 ’

731 2515 791 2545 per
810 2511 855 2536 1x·⁰
871 2507 1092 2547 consanguin.
1110 2506 1216 2546 gradu
1233 2506 1421 2546 dispenset,
1439 2507 1476 2537 ut
1493 2506 1528 2537 in
1545 2505 1693 2537 matrim.
1714 2506 1803 2537 inter
1821 2514 1879 2538 eos
1897 2506 2045 2538 scienter
2061 2508 2233 2538 contracto
2248 2507 2342 2540 licite

698 2558 702 2580 ἒ
731 2569 907 2591 remanere
923 2560 1069 2597 valeant,
1085 2560 1211 2600 praevia
1226 2560 1442 2591 absolutione
1453 2559 1495 2591 ab
1510 2568 1640 2591 excom.
1656 2560 1826 2591 sententia
1837 2561 2017 2600 propterea
2029 2560 2179 2598 incursa,
2191 2560 2342 2593 instante

699 2635 700 2661 ἦ
731 2614 874 2645 Alfonso
894 2622 970 2654 rege
991 2614 1148 2645 Castellae
1166 2615 1198 2645 et
1215 2614 1388 2654 Legionis.
1406 2613 1458 2654 (A.
1476 2615 1529 2649 27,
1546 2614 1567 2645 f.
1587 2615 1647 2645 266
1666 2619 1696 2651 ⁸3
1720 2613 1756 2645 V.
1773 2615 1824 2652 83,
1842 2622 1895 2654 ep.
1915 2615 2019 2653 1778.)

776 2665 912 2696 28521.
934 2686 970 2690 -
996 2667 1130 2705 Erbom',
1151 2671 1223 2698 nato
1247 2678 1277 2697 η.
1298 2679 1327 2698 v.
1350 2668 1485 2699 ιῙοανιη1ἐ
1503 2667 1571 2699 dmi
1592 2667 1629 2698 de
1646 2667 1824 2709 Kaymech,
1848 2667 1986 2699 collatio
2008 2676 2127 2699 canon.
2156 2668 2220 2699 sub
2243 2677 2341 2709 exsp.

730 2721 833 2761 prael).
851 2721 931 2753 eccl.
948 2730 976 2752 s.
997 2722 1087 2752 Petri
1110 2722 1331 2762 Argentinen.
1355 2739 1394 2745 —
1411 2722 1449 2753 In
1471 2730 1500 2753 e.
1527 2730 1571 2753 m.
1589 2722 1630 2753 de
1643 2721 1813 2754 Novillari
1832 2724 1864 2753 et
1880 2722 2194 2753 Maurimonasterii
2210 2722 2341 2762 Argen-

698 2767 699 2790 *
727 2777 834 2806 tinen.
858 2775 903 2806 di.
930 2777 1075 2806 monast.
1103 2775 1296 2811 abbatibus,
1322 2785 1359 2806 ac
1381 2775 1531 2807 thesaur.
1558 2776 1639 2807 eccl.
1663 2775 1856 2807 Lausanen.
1884 2775 1936 2816 (A.
1967 2777 2018 2814 27,
2049 2775 2072 2806 f.
2089 2775 2150 2807 298
2179 2780 2208 2812 ¹¹3
2233 2774 2266 2808 V.
2283 2777 2335 2814 83,

729 2838 781 2869 ep.
802 2830 906 2869 1811.)

762 2963 784 2988 1.
803 2963 836 2988 In
857 2963 988 2995 margine
1006 2963 1129 2994 regestri
1148 2962 1356 2988 Avinionensis
1374 2962 1482 2995 legitur
1504 2968 1510 2988 ζ
1533 2972 1543 2986 ‹
1565 2962 1679 2988 Altende
1699 2963 1771 2996 quod
1787 2963 1866 2988 missa
1885 2963 1940 2994 suit
1955 2962 1988 2988 de
2007 2969 2111 2988 camera
2129 2962 2185 2987 sine
2201 2962 2276 2994 siquo
2293 2962 2339 2987 do-

728 3009 794 3032 mmi
810 3008 1031 3033 vicecancellarii.
1050 3018 1060 3031 ι

759 3054 783 3078 2.
802 3053 872 3082 Rea.
888 3053 954 3078 Vnt.
969 3062 999 3077 =
1011 3060 1043 3078 ix
1057 3053 1197 3078 kalendas
1215 3053 1294 3078 maii.
