2540 3496
276 15 283 22 Ι
296 3 303 17 γ
314 0 316 2 “
333 0 360 7 ”-”
370 0 383 14 Α
393 0 908 29 ῃέξπῳψψίύθὶξνῆππωᾯιτῑςῑ
919 0 928 9 ¹.
950 0 960 6 ¹
976 0 1098 23 ''³¹³0'1uvr‘wvv
1107 0 1138 9 -ι--τ

271 309 333 341 566

302 398 408 426 Datum
432 390 618 426 Avenione.

344 501 385 530 28
396 501 464 535 jun.
484 498 574 527 1327.

359 550 402 582 (xv
421 545 482 573 kal.
495 543 564 580 jul.)

400 591 431 618 T.
452 589 522 617 XVI.

423 661 460 689 Ut
480 668 504 688 s.

397 707 428 733 T.
449 704 522 732 xvi.

418 767 455 795 Ut
474 775 499 794 s.

381 813 412 840 T.
434 811 529 839 XXIV.

344 983 386 1011 29
397 982 463 1017 jun.
484 980 573 1009 1327.

358 1032 404 1064 (111
422 1027 482 1054 kal.
497 1025 564 1062 jul.)

398 1073 429 1101 T.
447 1071 520 1099 XVI.

413 1144 450 1172 Ut
466 1152 490 1171 s.
507 1145 515 1164 ¹

408 1190 439 1217 T.
459 1189 512 1217 CL.

419 2164 455 2191 Ut
471 2172 495 2191 s.

421 2378 453 2405 Ut
472 2387 495 2405 s.

310 2424 342 2451 T.
359 2423 421 2450 XIII
440 2424 485 2456 ¹s2,
499 2423 548 2450 XV
561 2424 603 2456 ¹12.

418 2645 453 2673 Ut
474 2653 497 2672 s.

366 2690 397 2717 T.
414 2690 461 2724 XI,
478 2689 549 2717 XIII.

677 303 852 336 JOANNIS
874 303 994 334 PAPAE
1015 303 1119 334 XXII.
1143 304 1396 344 (1318-1334).
1419 320 1459 326 -
1480 302 1668 334 LITTERAE
1691 272 1919 334 COMMUNEs

1164 0 1190 18 ’Ὗ
1207 0 1286 23 ’ΞΨ
1298 0 1499 29 tfflfflm„
1511 23 1513 25 .

752 491 889 524 29044.
909 513 945 518 -
964 494 1082 526 Joarmi
1097 494 1185 526 Petri
1201 495 1239 526 de
1253 495 1388 533 Fran-tis,
1407 495 1487 528 cler.
1506 495 1680 528 Gaietanae
1698 496 1760 534 di„
1776 490 1869 528 conc.
1887 495 2132 529 tabellionatus
2153 495 2318 529 officium.

707 547 760 587 (Α.
780 549 832 585 26,
849 547 872 579 f.
890 549 949 579 1158
964 547 997 586 »ς
1021 547 1058 580 V.
1075 549 1128 586 82,
1144 557 1196 589 ep.
1215 549 1321 589 1018.)

751 649 888 684 29045.
907 673 946 678 -
963 655 1082 687 Joanni
1097 654 1240 695 Martini,
1259 655 1340 688 cler.
1357 655 1535 694 Lubicen„
1554 657 1646 688 idem
1667 656 1875 689 conceditur.
1890 657 1947 698 (A.
1963 657 2015 695 26,
2036 656 2062 688 f.
2081 657 2140 689 158
2154 655 2189 694 ὓς
2213 656 2248 689 V.
2263 657 2317 696 82,

751 731 759 738 .
779 710 793 739 1
821 710 836 739 1
863 733 870 740 .

705 709 889 792 ΘΡ29ᾎῘ6).
907 780 946 785 --
963 762 1004 793 N.
1024 773 1053 793 v.
1069 762 1153 794 Nino
1168 763 1280 795 Jacobi
1296 762 1434 795 Chiccoli
1447 768 1476 795 et
1491 774 1524 796 n.
1544 774 1586 795 m.
1601 763 1742 803 Isabetae,
1758 769 1840 796 nacae
1855 774 1887 796 n.
1904 774 1934 796 υ.
1952 763 2086 795 Ranerii
2103 762 2269 796 Galteroni
2283 763 2322 796 de

705 815 928 856 Lansranclzis,
944 816 1061 847 civibus
1074 816 1198 855 Pisan„
1210 818 1399 858 dispensat.
1417 819 1454 850 ut
1469 818 1619 850 matrim.
1636 817 1834 850 contrahere
1846 817 1982 858 possint
1996 826 2065 850 non
2080 817 2230 850 obst.1v·
2245 826 2320 851 con-

705 870 860 910 sanguin.
877 870 995 910 gradu,
1012 871 1139 910 quond.
1154 871 1247 902 enim
1261 871 1351 908 Bita,
1371 872 1464 912 prior
1479 880 1568 903 uxor
1585 872 1667 904 dicti
1683 872 1779 910 Nini,
1799 871 1910 904 eamd.
1929 870 2103 903 Isabetam
2120 871 2158 904 in
2177 875 2226 903 iv·
2245 879 2321 904 con-

705 924 861 964 sanguin.
880 924 988 965 gradu
1001 924 1230 965 contingebat.
1247 925 1302 963 (A.
1320 926 1393 964 257,
1410 925 1433 957 f.
1452 927 1492 958 79
1510 925 1524 947 ¹·
1535 935 1545 963 ς
1566 925 1603 958 V.
1622 926 1674 962 84,
1691 934 1743 966 ep.
1763 925 1870 966 2087.)

749 975 888 1008 29047.
905 995 945 1000 -
962 977 1102 1010 Gabrieli
1113 979 1148 1009 de
1160 978 1330 1020 Seqalim's,
1343 979 1423 1011 cler.
1439 979 1641 1018 Placentin.,
1655 988 1747 1012 conc.
1761 979 2006 1012 tabellionatus
2017 979 2180 1012 officium.
2200 979 2252 1018 (A.
2267 980 2318 1018 26,

706 1031 728 1062 f.
747 1033 805 1063 158
822 1031 851 1068 b,-
875 1031 910 1063 V.
928 1032 979 1068 82,
997 1041 1050 1072 ep.
1068 1033 1173 1072 1020.)

749 1138 762 1150 “
786 1136 926 1169 29048.
945 1157 984 1162 -
998 1139 1051 1170 Ad
1065 1149 1156 1181 perp.
1176 1140 1227 1170 rei
1242 1140 1432 1172 memoriam.
1457 1140 1664 1177 Declaratio,
1686 1140 1829 1181 maioris
1849 1140 1931 1172 eccl.
1948 1140 2199 1172 Avenionensis
2218 1140 2320 1173 ostiis
2385 1169 2387 1171 ,

705 1193 938 1233 appendenda,
954 1202 1014 1233 per
1027 1202 1130 1234 quam
1141 1194 1317 1234 Artungus
1328 1194 1440 1226 dictus
1453 1194 1651 1233 Monachus,
1662 1194 1834 1234 quondam
1845 1194 1973 1226 archid.
1984 1194 2202 1230 Basiliensis‚
2214 1193 2320 1226 archi-

704 1247 886 1278 diaconatu
902 1255 964 1279 suo
980 1248 1082 1287 atque
1097 1247 1177 1279 aliis
1190 1247 1367 1279 beneficiis
1382 1248 1548 1288 privatur,
1564 1248 1656 1289 quia,
1674 1257 1751 1280 cum
1765 1248 1801 1280 in
1816 1248 2052 1288 episcopatum
2065 1247 2245 1287 Basilica„
2259 1255 2322 1288 per

705 1300 836 1331 obitum
859 1300 1015 1338 Gerardi,
1039 1301 1122 1332 olim
1145 1309 1189 1332 ex
1212 1301 1412 1341 episcopatu
1431 1301 1625 1334 Lausanen.
1647 1302 1691 1333 ad
1707 1302 1944 1342 episcopatum
1962 1301 2145 1339 Basilien„
2167 1309 2230 1342 per
2249 1300 2323 1333 obi-

703 1355 777 1385 tum
795 1354 929 1385 Ottonis
944 1355 1034 1394 apud
1051 1355 1084 1386 S.
1102 1354 1144 1386 A.
1165 1354 1318 1386 defuncti
1333 1356 1523 1393 vacantem,
1541 1364 1561 1387 a
1576 1355 1754 1387 Clemente
1770 1355 1864 1396 Papa
1878 1356 1909 1387 V
1923 1355 2097 1392 translati,
2115 1354 2206 1396 apud
2222 1355 2257 1387 S.
2275 1355 2318 1387 A.
2381 1377 2384 1380 ⁴

703 1410 892 1445 vacantem,
910 1417 946 1439 se
960 1408 1150 1447 intruserit,
1168 1417 1299 1441 excom.
1319 1409 1526 1441 sententiam
1540 1409 1576 1440 in
1591 1409 1708 1449 ipsum
1719 1418 1738 1440 a
1748 1409 1816 1441 ΡΡ.
1833 1409 1941 1441 latam
1956 1409 2115 1441 indurato
2129 1408 2244 1441 animo
2258 1417 2321 1449 per

703 1461 880 1493 biennium
896 1462 1072 1494 sustinuit.
1092 1462 1249 1494 Citantur
1264 1471 1400 1503 quoque
1415 1463 1490 1503 ipse
1503 1464 1679 1504 Artungus
1694 1463 1923 1504 personaliter
1935 1464 1968 1495 et
1979 1462 2120 1496 Ulricus
2134 1462 2176 1494 de
2191 1462 2321 1504 Alberg

704 1525 765 1555 pro
786 1516 969 1556 praeposito
991 1516 1072 1547 eccl.
1091 1516 1298 1560 Basiliensis
1319 1525 1355 1548 se
1373 1525 1507 1557 gerenti,
1526 1525 1657 1548 necnon
1677 1517 1839 1557 capitula,
1863 1508 2021 1558 collegia,
2042 1515 2320 1555 communitates,

703 1569 860 1606 barones,
878 1569 1020 1600 comites
1041 1570 1073 1601 et
1091 1570 1284 1610 singulares
1303 1579 1459 1610 personae
1476 1565 1668 1610 praesertim'
1683 1571 1822 1602 Ulricus
1837 1572 1870 1602 et
1888 1571 2040 1602 Joannes
2054 1569 2244 1603 camerarii
2259 1570 2320 1611 qui

704 1631 740 1654 se
768 1632 828 1662 pro
853 1623 979 1654 decano
1002 1623 1098 1655 dictae
1121 1623 1273 1654 ecclesiae
1296 1622 1446 1664 gerebat,
1473 1624 1621 1664 Artungi
1645 1625 1808 1661 fautores,
1834 1632 1895 1664 per
1919 1625 2177 1664 procuratorem
2203 1631 2320 1656 coram

705 1677 786 1714 ΡΡ.,
806 1676 1029 1716 beneplacitis
1053 1678 1086 1708 et
1109 1677 1279 1708 mandatis
1299 1677 1498 1717 apostolicis
1519 1677 1676 1717 parituri.
1699 1677 1880 1712 Mandatur
1898 1677 2042 1717 insuper
2062 1677 2222 1709 omnibus
2237 1685 2322 1718 proe-

704 1731 803 1762 dictae
827 1730 907 1762 eccl.
934 1730 1083 1761 subditis
1107 1732 1144 1761 ut
1171 1731 1339 1762 Joannem
1359 1731 1400 1762 de
1423 1731 1599 1768 Cabilone‚
1620 1731 1703 1762 olim
1726 1731 1892 1764 decanum
1913 1731 1996 1764 eccl.
2015 1731 2255 1772 Lingonensis‚
2277 1731 2321 1764 ad

704 1784 921 1824 praelibatum
940 1784 1104 1814 Basilien.
1122 1784 1357 1824 episcopatum
1374 1793 1393 1815 a
1409 1785 1501 1824 Papa
1518 1786 1714 1824 promotum
1731 1785 1910 1824 recipiant.
1927 1777 2097 1817 Narratur
2111 1785 2236 1817 diffuse
2249 1785 2320 1817 tota

705 1838 813 1868 series
834 1846 1038 1868 excessuum
1055 1839 1209 1876 tempore
1226 1838 1415 1869 Clementis
1432 1839 1463 1870 V
1481 1838 1657 1870 occasione
1675 1839 1882 1878 receptionis
1899 1838 2061 1870 antedicti
2077 1838 2222 1872 Gerardi
2241 1847 2316 1880 per-

703 1892 925 1931 petratorum.
942 1891 994 1930 (A.
1012 1892 1064 1925 27,
1081 1891 1105 1921 f.
1122 1892 1182 1922 382
1196 1896 1229 1928 a;
1251 1890 1287 1922 V.
1305 1892 1358 1928 83,
1378 1900 1431 1931 ep.
1450 1893 1555 1931 1973.)

748 1943 760 1955 ³
778 1941 916 1974 29049.
941 1962 979 1967 -
1000 1944 1052 1974 Ad
1070 1954 1161 1985 perp.
1184 1945 1230 1974 rei
1248 1945 1440 1975 memoriam.
1464 1945 1544 1977 Alia
1565 1945 1753 1977 declaratio
1777 1946 1967 1978 secundum
1987 1954 2092 1987 quam
2112 1946 2212 1987 capit.
2235 1946 2317 1980 eccl.

704 1998 909 2029 Basiliensis
926 1998 1150 2038 suspenditur
1168 1998 1210 2029 ab
1234 1998 1327 2029 omni
1342 1999 1430 2038 jure,
1451 1999 1579 2030 honore
1597 2000 1629 2031 et
1644 1999 1806 2031 facultate
1822 2000 2034 2038 nominandi,
2051 2000 2250 2040 postulandi
2264 2000 2323 2034 vel

703 2052 852 2092 eligendi
875 2052 1102 2084 Basiliensem
1122 2061 1248 2092 ep.urn‚
1266 2053 1549 2093 quotiescumque
1566 2053 1641 2093 ipsa
1656 2053 1801 2085 ecclesia
1817 2054 2002 2086 vacaverit.
2019 2054 2073 2094 (A.
2090 2055 2143 2092 27,
2161 2053 2184 2086 f.
2203 2055 2266 2088 384
2279 2053 2318 2092 ¹²3

710 2106 744 2138 V.
767 2106 817 2143 83,
837 2115 889 2145 ep.
910 2105 1015 2146 1974.)

749 2157 885 2189 29050.
904 2177 942 2182 -
956 2159 1101 2190 Arnaldo
1116 2159 1152 2190 de
1171 2159 1326 2196 Vernolio‚
1342 2169 1415 2192 can.
1430 2161 1510 2192 eccl.
1525 2161 1565 2192 de
1578 2161 1777 2202 Wingham‚
1795 2162 2013 2194 cantuarien.
2029 2162 2088 2200 di„
2104 2162 2228 2194 indult.
2243 2170 2318 2203 per·

703 2213 851 2253 cipiendi
874 2214 1006 2245 fructus
1031 2213 1141 2245 benef.
1170 2223 1310 2246 suorum
1328 2214 1370 2245 ad
1385 2215 1573 2246 triennium
1591 2223 1695 2246 causa
1711 2216 1840 2253 studii;
1858 2216 1989 2259 consid.
2005 2216 2149 2248 Joannis
2163 2224 2193 2248 s.
2207 2216 2319 2249 Theo-

702 2267 776 2298 dori
799 2267 884 2301 diac..
903 2268 1008 2305 card,
1029 2268 1071 2299 A.
1093 2269 1127 2300 S.
1146 2268 1259 2308 legati.
1277 2285 1316 2290 —
1332 2268 1358 2299 I.
1379 2277 1407 2300 e.
1428 2277 1473 2299 m.
1491 2277 1594 2309 praep.
1617 2269 1848 2310 Mirapiscen„
1865 2271 1898 2302 et
1912 2270 2129 2310 Cantuarien.
2151 2279 2189 2302 ac
2206 2270 2321 2311 Figia-

703 2329 774 2352 cen.
791 2321 969 2352 Caturcen.
985 2321 1147 2352 archid.is
1161 2322 1241 2353 eccl.
1263 2321 1316 2359 (V.
1335 2323 1387 2359 84,
1407 2331 1460 2362 ep.
1477 2323 1584 2362 2092.)

748 2371 885 2404 29051.
908 2392 947 2397 —
970 2374 1140 2406 Guillermo
1160 2375 1299 2406 Arnaldi
1317 2375 1354 2406 de
1374 2375 1488 2407 Bozeto
1512 2377 1623 2417 gratia
1642 2386 1739 2417 exsp.
1759 2377 1871 2409 benef.
1891 2377 2081 2410 ecclesiast.
2098 2379 2139 2417 (s.
2159 2387 2187 2410 c.
2207 2379 2248 2410 50
2263 2378 2320 2411 vel

703 2437 732 2458 c.
756 2430 798 2467 c.)
821 2429 863 2459 ad
886 2429 954 2468 ep.i
978 2428 1200 2460 Condomien.
1223 2429 1486 2469 dispositionem
1505 2430 1640 2470 pertin„
1658 2439 1726 2462 non
1746 2430 1832 2462 obst.
1851 2431 1888 2462 in
1903 2431 1984 2463 eccl.
2001 2431 2180 2464 Lectoren.
2197 2440 2318 2465 canon.
2364 2455 2366 2458 ψ
2426 2426 2444 2456 ἶ

704 2481 767 2512 sub
781 2491 878 2521 exsp.
898 2482 1001 2522 praeb.
1014 2492 1024 2519 3
1045 2492 1121 2514 cum
1138 2483 1324 2522 dispensat.
1343 2492 1446 2523 super
1461 2484 1595 2515 defectu
1612 2485 1721 2516 aetatis
1738 2486 1790 2523 (24
1804 2493 1858 2516 an.
1879 2485 1935 2517 vel
1952 2485 2109 2525 circiter).
2126 2503 2166 2509 —
2179 2486 2207 2518 I.
2223 2495 2269 2518 m.
2285 2495 2316 2520 ο.

704 2544 780 2574 ep.o
797 2535 989 2571 Caturcen.‚
1007 2537 1040 2567 et
1057 2536 1184 2567 archid.
1202 2536 1389 2577 Figiacen„
1407 2546 1445 2568 ac
1460 2546 1548 2578 mag.
1570 2537 1728 2570 Siccardo
1745 2539 1786 2570 de
1807 2540 1931 2576 Vauro,
1950 2547 2022 2579 cap.
2040 2539 2124 2575 ΡΡ.,
2141 2548 2215 2572 can.
2235 2539 2316 2573 eccl.

704 2587 882 2621 Caturcen.
900 2590 954 2629 (A.
974 2591 1024 2627 27,
1043 2589 1067 2621 f.
1084 2591 1145 2621 408
1161 2595 1190 2627 ·;
1217 2589 1249 2620 V.
1265 2592 1317 2628 84,
1335 2599 1387 2630 ep.
1403 2592 1510 2630 2201.)

747 2639 887 2672 29052.
914 2661 952 2666 -
976 2643 1112 2674 Basiano
1137 2643 1174 2674 de
1195 2643 1295 2674 Prata
1311 2643 1348 2675 de
1365 2644 1530 2675 Placentia
1546 2645 1656 2685 gratia
1676 2654 1772 2686 exsp.
1790 2645 1903 2678 benef.
1920 2647 2090 2679 ecclesiat.
2107 2649 2147 2687 (c.
2165 2656 2194 2679 c.
2211 2649 2252 2680 80
2265 2647 2320 2681 vel

704 2704 732 2727 s.
749 2705 777 2727 c.
794 2697 834 2728 40
851 2697 873 2728 l.
891 2698 930 2735 t.)
957 2697 999 2728 ad
1016 2698 1246 2729 Cenomanen.
1269 2698 1338 2738 ep.i
1358 2698 1619 2738 dispositionem
1639 2700 1762 2739 pertin.
1778 2709 1787 2737 ;
1811 2708 1879 2731 non
1902 2700 1990 2732 obst.
2009 2700 2108 2741 plebe
2131 2710 2158 2733 s.
2175 2701 2320 2734 Joannis

704 2749 745 2781 de
764 2749 958 2788 Carmiano,
974 2751 1162 2783 Placentin.
1181 2751 1240 2789 di„
1263 2752 1295 2783 et
1317 2751 1398 2783 eccl.
1417 2761 1464 2783 ss.
1478 2752 1630 2793 Philippi
1650 2755 1683 2784 et
1701 2752 1820 2785 Jacobi
1833 2754 2020 2786 Placentin.
2043 2763 2117 2795 quae
2138 2764 2165 2787 s.
2186 2755 2319 2788 Salvari

703 2803 890 2843 vulgariter
913 2806 1140 2843 nuncupatur.
1167 2822 1206 2827 —
1227 2805 1254 2836 I.
1277 2814 1306 2835 e.
1327 2814 1372 2836 m.
1393 2805 1520 2837 decano
1544 2807 1787 2844 Cenomanen.,
1810 2808 1843 2839 et
1864 2808 1995 2840 cantori
2017 2808 2263 2848 Constantiam,
2281 2819 2320 2843 ac

703 2857 830 2888 Busolo
847 2857 888 2888 de
905 2857 1041 2893 Parma,
1059 2866 1132 2898 cap.
1149 2858 1230 2893 ΡΡ.,
1250 2867 1324 2889 can.
1340 2859 1529 2890 Tornacen.
1546 2860 1599 2898 (A.
1616 2861 1668 2898 27,
1686 2860 1710 2892 f.
1729 2861 1785 2891 441
1801 2866 1832 2898 ·;
1854 2861 1889 2894 V.
1908 2863 1961 2899 84,
1979 2870 2033 2902 ep.
2047 2862 2158 2904 2230.)

717 2951 719 2953 ¹
738 2974 760 2998 1.
773 2974 846 3005 Reg.
862 2973 928 3000 Vat.
944 2982 975 2998 -Ξ
989 2980 1048 2999 1111
1059 2973 1119 3006 kal.
1138 2973 1191 3006 Jul-
