2540 3496
352 345 392 375 42

390 434 494 461 Datum
510 429 691 461 Avenione.

328 560 331 562 ,
388 535 425 562 13
439 534 504 570 (id.)
523 541 585 560 nov.
604 531 691 560 ¹325.

445 580 476 607 Τ.
498 579 542 610 XI,
563 577 635 604 XIII.

500 692 534 720 Ut
553 700 576 718 s.

449 738 478 764 T.
494 737 539 769 xl,
555 735 626 763 XIII.

493 903 530 931 Ut
550 912 573 930 s.

459 948 488 974 Τ.
509 946 605 974 XXIV.

495 1707 531 1734 Ut
546 1715 569 1733 s.

439 1752 468 1779 T.
485 1751 530 1786 XI,
547 1752 619 1779 XIII.

489 1975 523 2002 Ut
543 1984 566 2002 s.

465 2020 495 2049 T.
514 2020 591 2049 1v¹¹.

486 2244 521 2272 Ut
541 2252 565 2271 s.

383 2288 414 2315 T.
429 2288 465 2316 XI
480 2289 526 2323 ¹12,
542 2290 605 2317 Xlll
623 2290 669 2324 ¹l2·

483 2565 519 2593 Ut
533 2574 556 2593 s.

433 2609 463 2636 T.
480 2609 526 2644 XI,
540 2610 612 2638 XIII.

479 2778 516 2806 Ut
536 2787 559 2806 s.

447 2823 477 2850 T.
497 2824 592 2852 XXIV.

479 2938 515 2966 Ut
530 2946 554 2965 s.

456 2983 486 3011 T.
505 2983 576 3012 XVI.

762 340 935 371 JOANNIS
959 340 1077 371 PAPAE
1099 338 1201 369 XXII.
1225 338 1476 378 (1316-1334).
1501 354 1538 359 -
1561 334 1748 365 LITTERAE
1772 332 2000 364 COMMUNES

827 525 963 556 23789.
982 544 1020 549 -
1043 524 1206 555 Fernando
1230 524 1315 554 Ariae
1335 532 1431 562 prov.
1460 531 1579 553 canon.
1602 521 1666 552 sub
1688 530 1784 561 exsp.
1809 522 1913 561 praeb.
1937 521 2017 553 eccl.
2037 523 2178 554 Aurien.
2195 541 2233 546 —
2251 523 2278 554 Ι.
2296 532 2324 555 e.
2348 532 2393 556 m.

783 590 857 620 ep.o
875 579 1121 615 salamantino,
1147 580 1179 608 et
1206 578 1332 607 decano
1356 575 1561 611 Corduben„
1587 584 1624 606 ac
1641 575 1768 606 archid.
1790 575 1830 606 de
1856 575 1971 612 Bural,
1999 575 2140 608 Aurien.
2168 576 2249 608 eccl.
2270 577 2325 617 (A.
2342 578 2395 615 24,

782 635 804 665 f.
826 636 886 664 au
901 639 930 668 ²¹;
953 632 985 662 V.
1003 633 1054 668 80,
1075 640 1127 670 ep.
1146 630 1234 671 279.)

825 683 963 717 23790.
984 703 1023 708 -
1041 683 1206 715 Benedicto
1231 682 1394 713 Fernandi
1413 691 1509 722 prov.
1535 691 1654 714 canon.
1680 683 1761 714 eccl.
1785 683 1964 714 Zamoren.
1984 683 2049 715 sub
2074 692 2170 723 exsp.
2194 684 2298 724 praeb.
2318 693 2396 716 cum

780 739 1023 780 praestimoniis
1051 739 1083 768 et
1108 735 1437 776 praestimonialibus
1466 736 1700 775 portionibus3
1728 745 1795 767 non
1823 736 1911 768 obst.
1940 738 2087 777 quadam
2115 746 2211 777 perp.
2240 738 2396 778 portione

780 794 814 824 in
829 793 909 823 eccl.
927 801 953 822 s.
970 790 1145 822 Benedicti
1163 789 1439 821 Salamantin.—
1454 789 1481 820 Ι.
1499 798 1528 820 0.
1546 799 1591 822 m.
1604 790 1732 821 decano
1749 790 1955 826 Corduben„
1971 792 2004 822 et
2021 791 2148 822 archid.
2168 792 2209 822 de
2226 792 2395 824 Ledesma

779 845 1015 882 Salamanfin„
1031 853 1068 875 ac
1091 844 1193 875 Petro
1208 843 1382 879 Roderici,
1400 851 1473 874 can.
1491 843 1640 875 Abulen.
1657 843 1738 875 eccl.
1759 843 1811 882 (A.
1827 845 1879 882 24,
1894 844 1916 875 f.
1935 845 1995 876 213
2011 850 2040 882 ²;
2066 844 2099 877 V.
2117 846 2169 883 80,
2185 854 2237 885 ep.
2253 846 2340 886 280.)

823 896 960 929 23791.
985 915 1023 920 -
1045 897 1162 928 ,Ioanni
1178 897 1340 937 archiep.o
1363 895 1512 927 Toletano
1528 897 1643 928 mand.
1661 899 1698 929 ut
1716 907 1748 929 n.
1769 907 1815 929 m.
1834 898 1998 930 Yolandae
2020 900 2108 930 natae
2131 899 2174 930 cl.
2195 908 2259 930 me.
2278 899 2395 931 Sancii

779 953 870 992 regis
886 951 1055 986 castellae,
1072 951 1182 981 viduae
1206 950 1332 990 quond.
1350 950 1523 981 Fernandi
1545 951 1708 982 Roderici
1723 952 1764 983 de
1786 952 1919 990 Castro,
1934 954 2118 992 postquam
2133 953 2168 983 in
2187 953 2318 984 ordinis
2332 953 2394 984 mi-

779 1007 862 1037 Iitiae
881 1015 908 1036 s.
924 1005 1043 1036 Jacobi
1067 1005 1243 1044 religione,
1260 1005 1361 1043 prout
1384 1003 1485 1035 hodie
1499 1004 1567 1035 sibi
1590 1014 1652 1044 per
1671 1005 1758 1036 alias
1781 1006 1848 1037 litt.
1868 1007 1978 1045 apost.
1996 1006 2221 1038 commissum
2239 1008 2301 1041 est,
2319 1014 2396 1038 eam

779 1060 955 1099 receperit,
974 1059 1135 1090 concedat
1150 1058 1303 1098 regimen
1317 1058 1496 1098 cujusdam
1522 1058 1668 1090 membri
1686 1059 1768 1090 dicti
1785 1060 1856 1091 ord.
1873 1060 1908 1090 in
1924 1059 2062 1092 civitate
2075 1060 2310 1092 Salamantina
2324 1060 2394 1097 siti,

778 1113 907 1144 dudum
931 1122 950 1143 a
973 1121 1060 1152 mag.
1081 1112 1152 1142 ord.
1177 1111 1309 1151 praefati
1329 1111 1442 1142 eidem
1467 1121 1499 1142 n.
1515 1120 1563 1142 m.
1581 1113 1736 1144 concessi
1759 1114 1792 1144 et
1812 1115 1958 1145 monast.
1976 1122 2005 1145 s.
2027 1114 2178 1153 Spiritus
2204 1114 2395 1154 vulgariter

778 1166 975 1206 nuncupati,
993 1166 1083 1206 quod
1101 1165 1240 1205 quidem
1255 1166 1401 1196 monast.
1422 1166 1548 1205 quond.
1566 1166 1676 1197 Maria
1688 1166 1851 1204 Melendi,
1869 1166 1980 1198 amica
1995 1167 2106 1207 ejusd.
2124 1167 2301 1203 Yolandae,
2320 1167 2394 1199 fun-

777 1221 870 1251 davit
884 1222 915 1251 et
933 1219 1075 1251 contulit
1098 1219 1170 1250 ord.
1189 1220 1389 1255 memorato,
1405 1220 1439 1250 et
1461 1228 1480 1250 a
1502 1219 1556 1250 sui
1574 1219 1774 1251 fundatione
1791 1228 1852 1259 per
1871 1220 2037 1252 mulieres
2055 1220 2196 1252 solitum
2217 1222 2269 1252 est
2292 1220 2372 1262 gub.
2381 1230 2394 1258 ;

778 1275 918 1313 insuper
934 1282 1010 1304 cum
1028 1273 1159 1304 fructus
1177 1273 1289 1312 ipsius
1305 1273 1508 1304 monasterii
1523 1273 1599 1313 (300
1612 1273 1686 1304 flor.
1704 1273 1791 1311 auri)
1808 1273 1908 1314 juxta
1927 1274 2035 1314 ejusd.
2056 1273 2184 1306 nobilis
2202 1274 2393 1307 decentiam

777 1328 818 1359 ad
835 1336 931 1358 suam
952 1329 986 1358 et
1002 1326 1204 1357 monialium
1223 1326 1511 1357 sustentationem
1531 1326 1673 1358 minime
1689 1326 1873 1364 sufficiant,
1894 1327 1960 1358 eid.
1977 1327 2143 1360 Yolandae
2160 1328 2321 1360 concedat
2336 1327 2393 1360 do·

776 1391 851 1413 mos
867 1383 900 1412 et
915 1380 1154 1420 possessiones
1170 1380 1211 1411 de
1234 1381 1347 1411 Tauro
1363 1381 1396 1411 et
1411 1379 1486 1420 ejus
1502 1380 1674 1417 districtu,
1693 1389 1730 1412 ac
1748 1381 1985 1412 commendam
2003 1382 2044 1413 de
2060 1382 2177 1419 Portu,
2194 1382 2392 1414 Zamorren.

776 1437 808 1467 et
825 1435 1016 1467 Astoricen.
1037 1435 1098 1472 di.,
1123 1434 1165 1464 ad
1188 1434 1317 1465 dictum
1344 1434 1416 1465 ord.
1441 1434 1578 1473 pertin„
1597 1443 1671 1474 quae
1690 1443 1709 1466 a
1725 1444 1790 1465 xxx
1810 1435 1911 1466 annis
1928 1443 1989 1475 per
2005 1435 2112 1467 laicos
2138 1437 2219 1467 sunt
2234 1435 2390 1474 detentae,

776 1491 847 1529 (750
863 1490 936 1520 flor.
955 1488 1055 1527 auri),
1078 1496 1233 1527 quasque
1250 1488 1326 1527 ipsa
1348 1489 1503 1527 paratam
1522 1496 1558 1519 se
1574 1489 1673 1520 offert
1697 1497 1740 1520 ex
1764 1489 1917 1520 eorumd.
1936 1489 2103 1520 laicorum
2125 1489 2286 1521 manibus
2308 1489 2391 1522 libe·

775 1552 861 1578 rare,
882 1542 1043 1582 quamdiu
1064 1542 1191 1573 vixerit
1213 1542 1391 1578 tenendas,
1409 1541 1456 1573 ita
1469 1542 1560 1582 quod
1579 1542 1654 1582 ipsa
1670 1542 1809 1574 cedente
1826 1543 1881 1574 vel
1901 1543 2084 1575 decedente
2103 1544 2238 1580 domus,
2257 1552 2394 1584 posses-

776 1597 890 1628 siones
913 1598 946 1627 et
970 1595 1172 1627 commenda
1196 1596 1366 1638 praedictae
1391 1595 1433 1627 ad
1460 1596 1615 1627 ordinem
1641 1596 1783 1628 redeant
1814 1597 2062 1637 supradictum.
2084 1597 2138 1637 (A.
2163 1599 2215 1635 24,
2237 1598 2260 1629 f.
2279 1599 2341 1630 217
2357 1602 2391 1635 ⁸;

781 1651 814 1681 V.
839 1652 889 1683 80.
908 1659 960 1690 ep.
980 1650 1067 1690 288.)
1898 1644 1901 1647 ’
2333 1682 2336 1686 ,

819 1702 960 1734 23792.
983 1721 1020 1726 -
1036 1703 1155 1734 Amelio
1172 1703 1209 1734 de
1222 1702 1320 1734 Pedio
1333 1702 1421 1740 Alco,
1437 1712 1530 1734 mon.
1549 1704 1697 1735 monast.
1718 1713 1745 1736 s.
1761 1704 1919 1741 Andreae,
1935 1705 1973 1737 Ο.
1985 1705 2018 1736 S.
2032 1705 2085 1744 B„
2101 1705 2313 1737 Avenionen.
2331 1704 2392 1744 di.,

774 1759 881 1798 gratia
900 1767 996 1797 exsp.
1015 1758 1119 1798 dign,
1139 1758 1358 1797 personatus,
1379 1757 1448 1794 off„
1465 1757 1674 1796 administr.,
1695 1758 1868 1798 prioratus
1883 1758 1938 1790 vel
1952 1759 2064 1790 benef.
2080 1768 2109 1790 0.
2129 1768 2157 1790 0.
2173 1759 2228 1791 vel
2246 1768 2273 1790 s.
2291 1767 2333 1798 c.,
2349 1758 2393 1791 ad

774 1812 887 1843 collat.
910 1811 987 1843 abb.
1008 1813 1040 1843 et
1065 1820 1161 1842 conv.
1180 1811 1290 1850 ejusd.
1307 1812 1467 1847 monast„
1486 1812 1520 1843 et
1542 1820 1603 1851 per
1619 1811 1731 1852 ipsius
1749 1821 1840 1843 mon.
1861 1812 1956 1844 soliti
1973 1812 2052 1853 gub.
2070 1830 2109 1836 —
2127 1813 2153 1845 Ι.
2173 1821 2203 1844 e.
2219 1822 2265 1849 m.
2284 1821 2391 1854 praep.

773 1866 995 1902 Nemausen„
1014 1867 1044 1896 et
1062 1865 1214 1896 sacristze
1232 1865 1459 1903 Avenionen.,
1478 1873 1516 1896 ac
1532 1866 1707 1906 Rostagno
1725 1866 1766 1897 de
1783 1867 1843 1901 Bo,
1863 1875 1935 1898 can.
1954 1866 2062 1906 ejusd.
2081 1867 2291 1899 Nemausen.
2307 1866 2392 1899 eccl.

774 1921 826 1961 (A.
851 1921 903 1957 24,
926 1919 950 1950 f.
968 1920 1027 1950 222
1042 1925 1069 1955 a;
1093 1919 1130 1950 V.
1150 1921 1200 1951 80.
1219 1928 1271 1959 ep.
1289 1919 1375 1959 306.)

818 1971 957 2003 23793.
974 1991 1011 1995 —
1029 1973 1176 2009 Joalmzes,
1196 1973 1288 2011 prior
1306 1972 1504 2004 claustralis
1520 1973 1720 2005 monasterii
1737 1982 1764 2004 s.
1783 1973 1946 2014 Dionysii
1965 1974 2207 2010 Mediolanen.,
2225 1974 2266 2007 O.
2282 1975 2316 2006 S.
2335 1975 2390 2015 B„

773 2028 810 2059 fit
828 2027 932 2059 abbas
950 2028 1057 2067 ejusd.
1079 2028 1225 2058 monast.
1241 2035 1302 2066 per
1319 2025 1452 2058 obitum
1467 2027 1567 2058 Pauli
1580 2027 1670 2067 apud
1686 2028 1719 2059 S.
1739 2028 1794 2065 A„
1810 2027 1936 2067 praevia
1948 2028 2102 2068 generali
2120 2028 2162 2060 de
2178 2028 2259 2060 eccl.
2279 2028 2391 2061 cathe-

773 2081 927 2112 dralibus
944 2082 976 2112 et
990 2081 1211 2111 monasteriis
1226 2080 1261 2111 in
1274 2080 1503 2112 Mediolanen.
1523 2082 1556 2112 et
1571 2082 1675 2112 certis
1690 2081 1770 2112 aliis
1785 2081 1895 2113 Italiae
1913 2082 2102 2121 provinciis
2119 2082 2391 2115 consistentibus

771 2144 830 2175 per
847 2135 885 2167 P.
905 2135 941 2165 P.
964 2135 1051 2166 facta
1073 2134 1319 2170 reservatione,
1345 2134 1511 2166 vacantis.
1530 2152 1569 2157 —
1586 2135 1611 2166 I.
1634 2144 1662 2166 e.
1682 2143 1726 2166 m.
1746 2143 1842 2166 conv.
1862 2136 1895 2166 et
1914 2135 2076 2167 vassallis
2095 2135 2204 2176 ejusd.
2223 2138 2388 2174 monast.;

771 2189 942 2229 archiep.o
959 2188 1220 2219 Mediolanensi.
1241 2189 1293 2226 (A.
1317 2189 1368 2224 24,
1385 2187 1407 2218 f.
1425 2189 1483 2219 237
1497 2187 1527 2225 ¹³3
1555 2187 1588 2219 V.
1607 2190 1659 2226 80,
1678 2197 1731 2229 ep.
1751 2189 1836 2228 342.)

815 2239 954 2272 23794,
969 2261 1007 2265 -
1032 2242 1124 2272 Petro
1140 2240 1287 2272 Boderici
1309 2241 1345 2271 de
1360 2242 1453 2282 Muqa
1469 2250 1564 2281 prov.
1583 2251 1702 2273 canon.
1722 2242 1785 2273 sub
1803 2251 1901 2282 exsp.
1922 2242 2026 2282 praeb.
2049 2242 2131 2274 eccl.
2156 2243 2388 2284 Calaguritan.
2431 2244 2433 2247 “
2474 2237 2475 2241 ’

770 2305 846 2327 cum
870 2295 1114 2336 praestimoniis
1122 2304 1132 2331 3
1149 2304 1217 2326 non
1240 2295 1328 2329 obst.
1348 2296 1384 2326 in
1399 2295 1562 2333 Abulen.,
1579 2295 1815 2335 Vallispositae
1833 2305 1871 2327 ac
1888 2305 1917 2327 s.
1933 2296 2074 2328 Martini
2097 2297 2138 2328 de
2154 2297 2323 2329 Esoalada
2337 2305 2391 2330 ca·

770 2359 848 2381 non.
866 2351 899 2381 et
923 2350 1026 2390 prael).
1043 2358 1121 2380 cum
1143 2349 1390 2389 praestimoniis
1404 2350 1437 2380 et
1454 2349 1490 2380 in
1505 2349 1680 2380 Fusellen.
1698 2349 1794 2384 eccl„
1811 2350 1959 2390 Burgen.
1974 2351 2007 2382 et
2023 2349 2194 2382 Palentin.
2211 2351 2273 2386 di.,
2290 2351 2391 2383 dimi-

769 2404 824 2435 dia
846 2404 1018 2444 portione;
1038 2403 1129 2434 dicta
1151 2402 1357 2443 portionem,
1378 2411 1498 2434 canon.
1515 2411 1554 2434 ac
1571 2402 1676 2442 praeb.
1694 2403 1775 2434 eccl.
1795 2412 1823 2434 s.
1843 2403 1983 2435 Martini
1997 2403 2172 2435 dimittere
2186 2405 2332 2437 tenetur.
2348 2423 2388 2429 —-

767 2459 793 2489 Ι.
819 2467 847 2489 e.
868 2466 914 2489 m.
929 2466 1018 2498 mag.
1037 2456 1207 2489 Rainaldo
1225 2456 1266 2487 de
1285 2456 1370 2487 filiis
1386 2455 1467 2487 Ursi
1482 2456 1610 2488 archid.
1625 2457 1666 2488 de
1683 2457 1864 2496 Campinia
1878 2457 2055 2495 Leodien.,
2071 2457 2173 2497 Papae
2186 2459 2272 2494 not„
2285 2459 2319 2491 et
2333 2458 2389 2491 do-

767 2520 850 2543 cano
869 2511 1074 2547 Corduben„
1092 2519 1130 2542 ac
1146 2509 1275 2541 archid.
1291 2510 1332 2541 de
1349 2510 1437 2541 Lara
1451 2511 1598 2551 Burgen.
1616 2510 1699 2542 eccl.
1715 2510 1768 2550 (A.
1788 2511 1840 2546 24,
1857 2510 1882 2541 f.
1900 2511 1962 2541 242
1978 2516 2008 2549 ἃς
2033 2510 2069 2542 V.
2091 2512 2144 2550 80,
2160 2512 2305 2552 ep.347.)

811 2562 950 2595 23795.
969 2582 1008 2588 -
1025 2564 1142 2596 Joanni
1160 2563 1285 2594 Matkaei
1307 2563 1344 2595 de
1365 2562 1464 2595 Gahet
1487 2563 1601 2595 collat.
1626 2572 1746 2595 canon.
1763 2564 1845 2596 eccl.
1871 2563 2052 2602 Giennen.,
2077 2564 2142 2596 sub
2159 2565 2257 2605 exsp.
2276 2564 2383 2606 praeb.

766 2628 843 2650 cum
859 2618 1104 2659 praestimoniis
1122 2619 1155 2649 et
1170 2617 1500 2658 praestimonialibus
1511 2617 1741 2657 portionibus.
1757 2635 1797 2640 —
1810 2618 1836 2649 I.
1855 2626 1884 2649 e.
1905 2627 1951 2649 m.
1966 2617 2137 2650 Rainaldo
2145 2618 2188 2650 de
2203 2618 2288 2651 filiis
2300 2618 2384 2652 Ursi

766 2672 891 2704 archid.
911 2673 952 2703 de
964 2671 1328 2712 CampiniaLeodien.‚
1347 2671 1493 2709 notario,
1511 2672 1544 2702 et
1558 2671 1682 2703 Joanni
1695 2671 1915 2709 Ferdinandi,
1926 2671 2065 2707 decano,
2081 2672 2258 2712 capellano
2266 2672 2384 2714 Papae,

766 2735 803 2758 ac
821 2726 945 2758 Joanni
960 2725 1178 2762 Gundisalvi,
1197 2725 1329 2756 cantori
1347 2724 1539 2756 Corduben.
1555 2726 1635 2756 eccl.
1656 2725 1711 2764 (A.
1732 2726 1784 2763 24,
1801 2724 1825 2756 f.
1845 2726 1905 2756 245
1919 2730 1948 2763 ²3
1971 2725 2008 2757 V.
2022 2726 2074 2764 80,
2095 2733 2148 2766 ep.
2166 2725 2254 2766 348.)

810 2777 949 2810 23796.
965 2798 1003 2802 —
1017 2779 1057 2811 N.
1076 2789 1117 2811 m.
1130 2778 1263 2810 Joannae
1278 2779 1437 2810 comitissae
1453 2778 1640 2817 Guinarum,
1652 2789 1684 2808 n.
1697 2789 1725 2809 v.
1745 2777 1906 2820 Radulplu‘
1922 2779 2041 2810 comitis
2050 2779 2136 2820 Auqi
2146 2779 2252 2818 macri,
2271 2779 2384 2812 indul·

763 2835 838 2865 tum
852 2834 890 2864 ut
908 2833 1082 2864 confessor
1105 2833 1212 2864 semel
1231 2832 1300 2873 ipsi
1317 2833 1451 2864 tantum
1471 2833 1507 2864 in
1527 2833 1650 2864 mortis
1668 2832 1813 2864 articulo
1833 2832 1971 2872 plenam
1994 2833 2148 2865 omnium
2163 2834 2383 2874 peecatorum

764 2895 905 2919 suorum
922 2886 1163 2918 remissionem
1181 2886 1366 2918 concedere
1380 2886 1503 2918 valeat.
1522 2886 1574 2926 (A.
1589 2887 1641 2923 24,
1655 2886 1677 2917 f.
1691 2887 1752 2918 242
1770 2885 1800 2924 ¹³;
1825 2885 1862 2918 V.
1877 2887 1930 2924 80,
1951 2895 2004 2926 ep.
2025 2887 2111 2926 354.)

808 2937 946 2970 23797.
962 2957 1001 2963 -
1018 2939 1151 2971 Andreae
1168 2939 1238 2971 abb.
1257 2944 1390 2970 monast.
1411 2950 1451 2970 ss.
1468 2939 1604 2971 Andreae
1627 2945 1656 2971 et
1674 2939 1819 2980 Gregorii
1842 2939 1885 2970 ad
1903 2939 2024 2972 Clivum
2040 2940 2155 2971 Scauri
2169 2940 2205 2972 de
2232 2933 2383 2979 Urbesad

762 2994 804 3025 R.
821 2994 860 3025 E.
877 2993 972 3025 nullo
994 2993 1107 3024 medio
1126 2993 1265 3033 pertin„
1282 2993 1321 3026 Ο.
1347 2993 1381 3025 S.
1398 2994 1450 3031 Β.,
1469 2993 1615 3025 facultas
1633 2993 1822 3034 recipiendi
1838 2993 2112 3026 benedictionem
2129 3002 2149 3025 a
2163 3001 2380 3035 quocumque

761 3047 922 3079 maluerit
935 3055 1011 3087 ep.o
1030 3046 1083 3086 (A.
1103 3048 1153 3084 24,
1174 3047 1195 3077 f.
1214 3048 1272 3079 291
1291 3046 1326 3084 b;
1352 3046 1384 3079 V.
1401 3048 1454 3086 80,
1471 3056 1525 3088 ep.
1543 3048 1632 3087 471.)
