2540 3496
278 313 339 344 ⁴94

310 401 416 428 natum
432 392 618 428 Avenione.

338 504 376 532 28
392 505 476 530 mart.
503 500 589 528 1327.

363 550 393 582 (v
411 546 471 574 kal.
488 544 564 580 apr.)

370 592 400 619 T.
423 591 469 625 XI,
487 589 558 617 XIII.

416 717 452 743 Ut
481 724 504 742 s.

371 762 402 788 Τ.
420 761 465 794 xl,
484 760 555 786 xlll.

425 983 460 1011 Ut
477 992 500 1011 s.

370 1029 400 1056 T.
420 1029 466 1062 XI,
483 1028 555 1055 XIII.

419 1251 454 1279 Ut
474 1259 498 1278 s.

373 1297 403 1324 T.
420 1296 466 1331 xl,
480 1296 552 1323 XIII.

338 1576 376 1602 29
392 1578 476 1602 mart.
501 1572 589 1603 1327.

359 1623 401 1654 (lv
416 1618 476 1646 kal.
493 1619 568 1654 apr.)

367 1664 413 1691 Gr.
430 1672 481 1699 pro
501 1664 568 1691 Deo.

426 1736 463 1764 Ut
483 1745 507 1764 s,

365 1783 411 1808 Gr.
428 1789 479 1817 pro
494 1782 560 1809 Deo.

337 1950 376 1979 30
392 1954 476 1979 mart.
498 1949 586 1979 1327.

358 1999 403 2028 (ιιι
418 1995 478 2023 kal.
493 1994 570 2030 apr.)

365 2041 396 2069 T.
417 2040 476 2075 XII,
492 2039 562 2067 XIV.

426 2272 461 2299 Ut
477 2280 500 2299 s.

402 2317 433 2344 1¹.
454 2317 525 2344 XVI.

337 2542 373 2569 31
396 2544 479 2569 mart.
504 2540 595 2570 ¹327.

361 2586 396 2621 (ιι
416 2585 475 2613 kal.
492 2586 571 2621 apr.)

405 2630 435 2657 T.
457 2630 527 2658 XVI.

426 2703 460 2731 Ut
480 2711 504 2731 s.

403 2749 434 2776 T.
454 2747 530 2776 CCL.

431 2971 466 2998 Ut
487 2979 509 2998 s.

374 3015 404 3042 Τ.
424 3015 470 3050 ΧΙ,
489 3015 561 3043 XIII.

680 305 855 338 JOANNIS
878 304 998 336 PAPAE
1020 303 1122 335 xxu.
1147 303 1396 345 (1316-1334).
1419 319 1458 326 -
1480 302 1668 334 LITTERAE
1691 289 1918 335 cerimoniis

755 493 892 526 28289.
911 513 950 518 -
967 494 1137 526 Guillermo
1151 493 1188 526 de
1205 493 1394 526 Machecolio
1410 494 1523 527 collat.
1542 503 1659 528 canon.
1681 494 1745 527 sub
1761 504 1855 536 exsp.
1871 495 1976 536 proeb.
1996 497 2029 529 et
2050 496 2158 538 dign„
2176 496 2231 528 vel
2249 505 2321 538 per-

709 551 852 581 sonatus
869 558 930 580 seu
949 549 1003 580 off.
1019 558 1047 580 c.
1062 557 1090 580 c.
1109 548 1165 580 vel
1182 557 1210 580 s.
1228 557 1258 580 c.
1274 548 1356 580 eccl.
1370 548 1561 581 Nanneten.
1575 566 1614 572 —
1625 549 1651 581 1.
1669 557 1698 580 e.
1716 557 1762 581 m.
1777 548 1854 582 abb.
1871 550 2019 582 monast.
2035 550 2076 583 de
2091 550 2221 589 Calma,
2234 550 2324 583 Nan·

710 604 821 635 neten.
850 603 908 640 di.,
935 603 969 634 et
996 601 1179 634 Abrincen.
1210 603 1312 643 atque
1337 601 1555 643 Andegaven.
1585 602 1777 635 scolasticis
1801 595 1883 636 eccl.
1908 603 2027 643 (A.27.
2045 603 2068 635 1.
2088 603 2194 643 139ὓ;
2219 603 2254 635 V.
2268 605 2321 643 83,

710 665 762 696 ep.
783 656 888 696 1380.)

755 707 894 740 28300.
914 727 953 733 -
967 709 1134 751 Radulpho
1156 708 1193 741 de
1214 708 1399 741 Machecolio
1421 709 1558 742 collatio
1583 718 1702 742 canon.
1727 709 1792 742 sub
1813 718 1910 751 exsp.
1934 710 2052 751 praeb.,
2080 719 2119 743 ac
2143 710 2248 752 dign„
2269 711 2324 743 vel

709 765 914 804 personatus
929 772 991 795 seu
1008 764 1065 795 off.
1081 772 1110 795 o.
1127 772 1155 795 c.
1170 763 1226 795 vel
1240 772 1269 796 s.
1289 772 1316 795 c.
1333 763 1414 795 eccl.
1429 763 1615 802 Turonen.,
1632 763 1764 796 consid.
1779 763 1895 796 Caroli
1910 765 1951 797 R.
1967 765 2007 796 F.
2024 765 2059 796 et
2073 764 2134 802 N.;
2153 773 2220 797 non
2233 763 2322 797 obst.

709 825 828 849 canon.
850 818 883 849 et
905 816 1008 857 prael).
1029 817 1111 849 eccl.
1137 817 1325 849 Lexovien.
1343 835 1379 841 —
1398 817 1475 850 Le.
1498 826 1543 850 m.
1567 816 1681 850 abbati
1705 818 1851 850 monast.
1875 825 1904 850 s.
1927 817 2060 850 Juliani
2082 817 2270 857 Turonen.,
2291 819 2326 850 et

709 871 847 902 scolast.
867 871 1065 908 Abrincen„
1083 879 1121 903 ac
1137 870 1274 911 AEgidio
1290 871 1480 911 Souzbays,
1497 879 1569 903 can.
1590 871 1780 904 Nanneten.
1797 871 1880 904 eccl.
1902 871 1954 911 (A.
1973 872 2024 910 2⁷,
2047 871 2071 903 f.
2090 873 2148 904 147
2163 871 2196 910 ¹³3
2219 871 2254 904 V.
2270 872 2322 911 83,

709 934 762 965 ep.
781 926 885 964 1397.)

755 976 893 1008 28301.
913 996 952 1002 --
967 979 1108 1010 Mar-tino
1126 978 1234 1020 Luppi
1253 978 1366 1010 collat.
1392 987 1511 1010 canon.
1537 978 1602 1010 sub
1622 987 1718 1020 exsp.
1741 978 1845 1020 praeb.
1871 987 1949 1012 cum
1970 979 2217 1020 praestimoniis
2238 979 2322 1012 eccl.

710 1033 848 1071 Paeon„
866 1041 934 1064 non
957 1033 1045 1064 obst.
1069 1033 1226 1074 portione
1250 1033 1287 1064 in
1307 1032 1470 1073 Ispalen„
1495 1032 1629 1065 duobus
1653 1032 1871 1073 simplicibus
1891 1032 2004 1066 benef.
2027 1033 2065 1065 in
2081 1033 2116 1066 S.
2133 1033 2180 1066 M.
2197 1033 2240 1066 de
2257 1033 2327 1066 Ma·

708 1086 792 1118 tella
807 1089 840 1118 et
857 1096 884 1118 s.
906 1087 1051 1119 Andreae
1065 1087 1105 1119 de
1119 1087 1266 1119 Gontan.
1284 1086 1367 1119 eccl.
1387 1087 1516 1128 (minus
1531 1095 1634 1127 quam
1652 1088 1691 1119 15
1708 1086 1797 1127 flor.)
1819 1095 1859 1119 ac
1877 1086 2046 1119 vicariatu
2065 1087 2240 1120 dexeres
2257 1087 2327 1120 Lu-

710 1149 796 1179 cen.‚
814 1141 955 1173 Aurien.
973 1142 1005 1173 et
1021 1141 1147 1173 Pacen.
1165 1140 1211 1172 di.
1229 1159 1268 1165 ——
1284 1141 1312 1172 I.
1329 1149 1359 1173 e.
1379 1149 1424 1174 m.
1446 1139 1523 1173 abb.
1542 1140 1657 1173 saecul.
1677 1141 1718 1173 de
1740 1141 1863 1174 caveis
1882 1135 2026 1180 RubeiS,
2044 1141 2192 1182 But-gen.
2211 1140 2272 1180 di.,
2292 1142 2327 1174 et

711 1194 844 1235 maj0ri,
862 1203 901 1226 ac
917 1195 958 1227 de
972 1196 1084 1227 Xeres
1098 1194 1249 1235 Ispalen.
1267 1194 1430 1226 archid.is
1446 1194 1527 1227 eccl.
1545 1194 1600 1238 (A.
1617 1196 1669 1233 27,
1687 1195 1710 1226 f.
1731 1196 1789 1227 161
1805 1194 1836 1233 b;
1859 1194 1896 1227 V.
1914 1195 1967 1231 83,
1986 1203 2040 1236 ep.
2058 1195 2165 1236 1442.)

755 1245 895 1279 28302.
919 1266 956 1271 -
974 1249 1070 1280 Petro
1087 1248 1223 1287 Privati,
1238 1248 1345 1290 presb.
1362 1248 1539 1281 Rutkenen.
1554 1248 1614 1287 di.,
1630 1248 1741 1290 gratia
1755 1257 1851 1290 exsp.
1863 1248 1982 1288 benef.
1998 1249 2042 1290 (c.
2059 1257 2089 1281 c.
2109 1249 2169 1282 100
2179 1249 2236 1282 vel
2251 1257 2280 1281 s.
2296 1257 2326 1283 c.

709 1304 750 1334 40
768 1303 791 1334 l.
809 1304 847 1342 t.)
863 1302 898 1334 in
915 1302 1007 1334 civit.
1026 1302 1081 1334 vel
1099 1303 1145 1335 di.
1165 1303 1373 1339 Rumonem,
1396 1303 1520 1344 pertin.
1542 1303 1586 1335 ad
1609 1302 1724 1335 collat.
1748 1301 1817 1344 ep.i
1841 1303 1874 1334 et
1895 1302 1998 1343 capit.
2015 1302 2209 1335 Ruthenen.
2226 1312 2237 1341 3
2258 1310 2328 1335 ιιοιι

711 1356 800 1388 obst.
816 1357 906 1397 quod
922 1357 957 1388 in
973 1356 1109 1397 paroch.
1128 1356 1211 1388 eccl.
1230 1357 1271 1388 de
1287 1356 1398 1394 Paris,
1416 1356 1514 1389 dictae
1530 1356 1589 1395 di.,
1607 1356 1643 1388 in
1659 1364 1754 1397 perp.
1774 1355 1887 1388 benef.
1908 1355 2038 1390 victum
2057 1364 2161 1388 suum
2181 1357 2215 1390 et
2229 1356 2327 1398 quin-

711 1419 776 1450 que
795 1410 947 1442 sextaria
963 1409 1057 1442 bladi
1071 1418 1133 1451 pro
1152 1410 1279 1442 vestitu
1295 1419 1358 1443 suo
1378 1409 1540 1443 obtineat.
1564 1428 1602 1433 —
1622 1410 1649 1442 1.
1671 1418 1701 1442 e.
1725 1419 1771 1442 m.
1793 1409 1941 1451 archiep.
1946 1419 1965 1442 o
1985 1410 2133 1451 Aquen„
2156 1411 2190 1443 et
2213 1409 2328 1443 abbati

710 1464 927 1501 Bonaevallis,
949 1473 987 1496 ae
1002 1465 1129 1496 decano
1146 1464 1188 1496 de
1201 1464 1357 1503 Varinio,
1374 1473 1435 1505 per
1452 1465 1617 1496 decanum
1632 1464 1728 1496 soliti
1743 1463 1836 1505 gub„
1853 1465 2014 1503 monast..
2030 1463 2266 1497 Ruthenensis
2278 1464 2327 1496 dt.

712 1519 765 1557 (A.
783 1520 832 1554 76,
851 1517 874 1549 f.
894 1519 986 1550 534·
994 1518 1060 1555 ;.V
1080 1519 1133 1556 83,
1148 1527 1203 1558 ep.
1220 1517 1329 1559 1619.)

756 1569 895 1602 28303.
916 1589 954 1594 -
976 1570 1124 1602 Cunrado
1146 1571 1184 1602 de
1208 1570 1362 1610 Criswitz,
1386 1570 1420 1603 0.
1444 1571 1482 1602 F.
1506 1572 1548 1603 M.
1571 1571 1758 1613 professori,
1782 1580 1875 1604 conc.
1898 1571 2039 1604 licentia
2058 1571 2262 1604 transeundi
2285 1571 2329 1604 ed

711 1626 751 1658 o.
769 1626 802 1657 S.
819 1626 858 1657 Β.
878 1626 930 1664 (Α.
952 1627 1001 1663 27,
1023 1625 1046 1656 f.
1067 1626 1125 1656 118
1140 1630 1168 1661 ι,
1192 1624 1225 1655 V.
1242 1626 1294 1664 83,
1311 1634 1364 1666 ep.
1383 1626 1488 1664 1324.)

755 1729 894 1763 28304.
911 1751 946 1755 -
960 1732 1048 1773 Epa
1060 1732 1235 1763 Norwicen.
1250 1731 1365 1764 mand.
1381 1733 1418 1764 ut
1430 1732 1685 1773 porrigentibus
1698 1741 1821 1764 manus
1834 1732 2020 1772 adjutrices
2034 1732 2125 1765 infra
2138 1732 2328 1765 triennium

711 1787 753 1818 ad
772 1786 1015 1826 perfectionem
1039 1786 1178 1826 capellae
1195 1786 1338 1826 inceptae
1357 1785 1393 1817 in
1412 1785 1487 1818 loco
1508 1786 1627 1818 vocato
1643 1786 1796 1827 Ypezug,
1813 1786 2007 1819 Norwicen.
2024 1786 2085 1823 di.,
2102 1786 2139 1818 in
2155 1795 2223 1828 qua
2240 1794 2328 1828 quoe—

710 1841 788 1872 dam
812 1841 924 1880 imago
949 1840 987 1871 B.
1009 1840 1054 1871 M.
1080 1839 1201 1871 subtus
1223 1841 1352 1871 terram
1375 1839 1514 1871 inventa
1539 1840 1604 1878 est,
1628 1839 1758 1879 indulg.
1788 1849 1828 1871 Lx
1852 1839 1986 1872 dierum
2005 1839 2180 1872 concedat.
2204 1840 2257 1880 (A.
2275 1841 2326 1879 27,

710 1893 734 1924 f.
754 1895 812 1925 136
829 1893 860 1931 b3
883 1893 916 1925 V.
934 1895 985 1931 83,
1005 1901 1057 1933 ep.
1079 1893 1184 1933 1355.)

756 1944 893 1977 28305.
912 1965 951 1970 -
966 1946 1129 1978 Ber-nardo
1146 1946 1184 1977 de
1201 1946 1308 1984 Turre,
1325 1946 1445 1978 archid.
1464 1946 1501 1977 de
1519 1946 1697 1978 Sar-bourclz
1713 1948 1746 1978 in
1764 1946 1837 1980 eccl.
1856 1947 1999 1986 Memmi,
2019 1947 2142 1980 induit.
2162 1947 2204 1980 de
2223 1947 2330 1989 perci·

709 2001 846 2041 piendis
871 2000 1040 2032 fructibus
1064 2000 1217 2032 omnium
1237 2000 1482 2033 beneficiorum
1505 2010 1648 2033 suorum
1673 2001 1802 2042 absque
1822 2001 2010 2034 residentia
2031 2009 2141 2043 usque
2161 2001 2206 2034 ad
2223 2001 2328 2035 trien·

711 2055 820 2092 nium,
836 2055 1028 2086 insistendo
1044 2054 1110 2086 litt.
1131 2054 1244 2086 studio
1259 2054 1295 2086 in
1308 2054 1384 2086 Ioco
1397 2054 1457 2086 ubi
1470 2055 1583 2095 vigeat
1598 2055 1768 2096 generale,
1781 2054 1837 2087 vel
1850 2055 1886 2087 in
1902 2054 2018 2096 aliquo
2033 2055 2276 2088 beneficiorum
2288 2055 2333 2088 il-

710 2109 823 2140 lorum
846 2109 1040 2140 residendo,
1060 2126 1099 2131 —
1120 2108 1519 2146 1.e.m.s.111idii‚et
1542 2108 1779 2141 Chantohenni
1800 2110 1898 2141 extra
1921 2117 2039 2141 muros
2060 2108 2328 2148 ctaromonteu„

711 2171 750 2194 ac
775 2163 884 2203 priori
906 2162 1106 2201 Artaecellae,
1123 2171 1183 2202 per
1199 2162 1351 2202 priorem
1375 2162 1469 2194 soliti
1489 2162 1582 2203 gub„
1599 2162 1733 2203 Aquen.
1750 2162 1810 2201 di,
1830 2162 2119 2195 monasteriorum
2134 2162 2326 2198 abbatibus.

711 2217 764 2257 (A.
780 2218 831 2252 27,
850 2216 872 2248 f
896 2216 1002 2253 103¹»,
1025 2216 1127 2254 V.‚83
1144 2224 1196 2256 ep.
1215 2217 1321 2255 1281.)

756 2267 896 2300 28306.
913 2288 953 2293 -
971 2269 1101 2311 Anqelo,
1121 2279 1170 2311 ep
1175 2280 1192 2301 ο
1217 2269 1397 2306 Viterbien.,
1419 2270 1452 2300 in
1474 2269 1688 2311 spiritualibus
1706 2270 1821 2301 vicario
1837 2270 1905 2303 PP.
1926 2271 1961 2301 in
1985 2269 2077 2309 Urbe,
2099 2271 2213 2303 mand.
2233 2272 2272 2303 ut
2292 2271 2330 2303 in

712 2333 814 2355 causa
830 2325 931 2364 capit.
951 2325 984 2355 et
1002 2324 1242 2356 canonicorum
1256 2324 1291 2356 S.
1306 2324 1352 2355 M.
1370 2324 1406 2355 in
1423 2323 1607 2356 Cosmedin
1621 2324 1663 2356 de
1681 2323 1773 2356 Urbe
1788 2325 1907 2357 contra
1921 2324 2136 2363 Bonannum,
2153 2333 2226 2357 can.
2244 2324 2328 2358 eccl.

712 2387 760 2409 ss.
778 2378 1022 2418 Apostolorum
1039 2379 1079 2410 de
1097 2378 1200 2414 Urbe,
1219 2386 1323 2418 super
1342 2378 1560 2410 restitutione
1579 2379 1639 2410 170
1653 2378 1728 2410 fior.
1749 2377 1824 2410 auri
1842 2377 1932 2410 dicto
1948 2379 2124 2417 Bonanno,
2141 2380 2224 2411 tunc
2238 2379 2330 2412 vica·

712 2432 763 2463 rio
778 2431 832 2463 bo.
850 2439 914 2463 me.
932 2431 1110 2463 Francisci
1124 2431 1158 2463 S.
1175 2431 1220 2463 M.
1239 2431 1275 2463 in
1293 2431 1479 2463 cosmedin
1500 2431 1586 2463 diac.
1608 2431 1713 2469 card.‚
1734 2440 1796 2471 pro
1819 2431 2056 2464 satisfactione
2077 2431 2258 2473 cujusdam
2279 2440 2330 2465 ar·

712 2485 804 2525 genti
821 2485 1026 2525 quantItatis
1041 2485 1107 2517 eid.
1125 2485 1206 2517 eccl.
1226 2484 1406 2517 subtractae
1421 2485 1624 2517 solutorum.
1645 2485 1698 2524 (A.
1721 2486 1771 2522 27,
1792 2485 1816 2517 f.
1837 2487 1896 2517 149
1913 2485 1944 2523 Β,
1967 2485 2000 2516 V.
2021 2486 2073 2525 83,
2090 2494 2143 2527 ep.
2162 2485 2271 2526 1421.)

759 2535 895 2568 28307.
923 2556 963 2561 -
984 2539 1101 2570 loanni
1125 2538 1268 2576 Andreae,
1298 2538 1368 2570 cler.
1395 2538 1616 2570 Montisalban.
1640 2538 1698 2577 di.,
1725 2548 1818 2571 conc.
1846 2539 2091 2572 tabellionatus
2116 2540 2170 2572 off.
2195 2540 2251 2581 (Α.
2275 2541 2326 2579 26,

712 2593 735 2624 f.
752 2593 811 2624 157
827 2597 855 2629 δ,
877 2591 911 2622 V.
929 2594 981 2628 82,
1001 2601 1052 2633 ep.
1074 2593 1180 2632 1006.)

757 2700 768 2712 ”
783 2697 923 2730 28308.
939 2699 1042 2730 -Ad
1055 2710 1145 2741 perp.
1161 2700 1206 2731 rei
1220 2700 1410 2731 memoriam.
1424 2700 1605 2733 Absolutio
1623 2710 1642 2732 a
1660 2700 1832 2733 sententia
1846 2709 1978 2733 excom.
1995 2710 2057 2742 per
2069 2701 2255 2734 nonnullos
2272 2701 2330 2734 ha·

713 2753 879 2785 bitatores
896 2753 1079 2785 comitatus
1093 2753 1279 2785 Flandren.
1295 2754 1435 2785 incursa
1457 2754 1499 2785 ob
1515 2754 1679 2786 violatam
1702 2763 1820 2794 pacem
1839 2753 1881 2786 ab
1899 2754 1983 2786 olim
2003 2755 2090 2787 inter
2105 2755 2148 2787 cl.
2165 2764 2231 2787 me.
2249 2755 2330 2787 Phi-

712 2807 857 2848 lippum,
875 2800 1002 2848 r'egem,
1018 2807 1207 2847 genitorem
1225 2807 1352 2854 Caroli,
1372 2807 1464 2848 regis
1479 2808 1517 2839 F.
1537 2809 1569 2839 et
1583 2807 1640 2845 Ν.,
1657 2816 1700 2839 ex
1716 2816 1794 2846 una,
1811 2809 1844 2840 et
1862 2808 1988 2848 quond.
2013 2807 2204 2841 Robertum
2228 2809 2328 2841 comi·

711 2863 782 2893 tem
797 2861 980 2900 Flandriae,
997 2870 1039 2892 ex
1056 2860 1164 2892 altera
1180 2862 1276 2901 parte
1291 2861 1524 2893 reformatam.
1544 2861 1596 2901 (A.
1622 2863 1672 2900 27,
1699 2861 1722 2893 f.
1742 2863 1800 2894 103
1820 2867 1834 2884 ²
1842 2871 1851 2900 3
1881 2861 1911 2894 V.
1929 2863 1981 2903 83,
1999 2871 2052 2903 ep.
2075 2863 2154 2894 1267
2165 2871 2175 2900 ;
2198 2863 2327 2904 Fayen,

711 2915 831 2946 Lettres
845 2914 882 2946 de-
896 2914 974 2946 Jean
992 2914 1098 2951 XXII,
1113 2915 1137 2946 t.
1154 2914 1199 2949 11,
1215 2923 1248 2954 p.
1269 2915 1339 2952 108,
1356 2923 1389 2946 ιι.
1406 2914 1512 2954 1935.)

758 2966 895 2999 28308.
914 2985 952 2991 —-
967 2968 1139 3000 Humberto
1154 2968 1324 2999 Lombardi
1337 2968 1448 3000 collat.
1465 2977 1582 3000 canon.
1597 2968 1661 3000 sub
1677 2978 1774 3009 exsp.
1791 2968 1895 3010 praeb.
1913 2969 1994 3002 eccl.
2012 2969 2195 3008 viennen„
2210 2970 2246 3002 in
2260 2979 2329 3011 qua

714 3031 775 3055 nec
790 3024 904 3054 certus
920 3031 992 3054 can.
1011 3031 1175 3054 numerus
1193 3031 1254 3054 nec
1272 3021 1375 3063 praeb.
1397 3022 1571 3054 distinctio
1590 3022 1756 3060 habetur:
1775 3031 1842 3055 non
1857 3023 1944 3056 obst.
1966 3024 2056 3064 quod
2074 3025 2184 3056 rector
2204 3026 2328 3056 curatae
