2540 3496
297 244 356 274 502

326 335 430 362 Datum
453 331 479 363 A
486 329 639 363 venione.

332 596 369 624 ¹3
385 594 634 631 aa.)apr.1327.

421 639 542 667 r.xvi

442 969 477 997 Ut
497 978 520 996 s.

389 1015 419 1042 T.
441 1014 488 1049 Xl,
502 1014 574 1042 xlii.

449 1185 484 1212 tt
502 1193 526 1212 s.

388 1230 417 1257 T.
440 1229 485 1264 xi,
505 1229 577 1257 Xiii.

442 1561 479 1589 Ut
499 1570 523 1589 s.

393 1607 485 1641 '1'.xi,
502 1607 575 1633 xlii.

443 1723 477 1750 L't
494 1732 519 1751 s.

444 2043 481 2070 Ut
496 2051 519 2070 s.

389 2089 419 2115 T.
437 2088 483 2122 xi,
499 2088 571 2115 xiil.

446 2473 482 2501 Ut
498 2481 522 2500 s.

393 2519 423 2546 T.
439 2518 484 2552 xl,
504 2518 575 2545 xiil.

334 2851 635 2931 r.xn}ss‚31v¹h.

687 241 862 274 JOANNIS
885 241 1004 272 PAPAE
1027 241 1128 272 xxii.
1152 242 1392 282 (1316-1334)
1428 260 1466 265 ——
1490 241 1678 273 LITTERAE
1701 240 1928 273 COMMUNES

727 434 776 464 ris
792 435 824 464 et
840 442 936 464 conv.
955 434 1100 463 monast.
1118 432 1158 464 de
1175 432 1341 470 Tornaco‚
1358 432 1468 472 ejusd.
1484 433 1569 471 ord„
1583 433 1790 465 Nemausen.
1805 433 1865 472 di.,
1882 433 2146 474 dispositionem
2162 434 2286 475 pertin.
2307 451 2345 456 -

726 487 753 518 Ι.
771 495 800 518 e.
818 495 862 518 m.
882 495 984 526 praep.
1005 486 1298 525 carpentoraten„
1315 488 1347 518 et
1363 486 1490 518 archid.
1508 486 1655 525 Uticen.,
1671 495 1708 518 ae
1725 487 1879 519 sacristae
1892 487 2104 519 Avenionen.
2120 488 2201 520 eccl.
2219 487 2272 529 (A.
2292 489 2343 525 27,

728 540 751 571 i'.
765 541 826 572 204
838 545 870 577 ·;
898 539 934 571 V.
951 540 1002 576 83,
1021 548 1073 579 ep.
1094 540 1200 579 1532.)

772 589 908 624 28382.
925 610 963 615 --
980 592 1112 624 Archid.
1130 592 1372 634 Niqroponten„
1388 598 1416 624 el
1437 593 1570 625 Ger-aldo
1585 593 1621 624 de
1642 593 1740 632 Valle,
1757 604 1826 625 ean.
1839 593 2045 635 Neapolitan.
2056 594 2143 632 eccl..
2161 594 2343 637 Campania

726 646 952 687 Maritimaeque
965 647 1088 682 rectori,
1106 646 1204 687 Papae
1222 656 1304 688 cap„
1325 647 1439 678 mand.
1458 647 1496 678 ut
1520 647 1728 687 compellant
1749 656 1810 688 per
1833 656 2014 680 censuram
2031 647 2221 680 ecclesiast.
2241 657 2344 689 quos-

727 701 805 731 dam
821 700 912 731 cives
931 699 1151 737 Brundusin„
1167 700 1239 731 tam
1254 700 1398 732 clericos
1415 709 1518 741 quam
1533 701 1651 739 laicos,
1671 702 1704 732 et
1727 701 1924 742 specialiter
1940 701 2108 734 Joannem
2124 701 2166 734 de
2180 701 2281 742 Ripa,
2298 702 2342 734 ci·

728 763 805 785 vem
827 753 1050 791 Brundusin,
1077 755 1114 785 ut
1141 754 1285 786 Isnardo
1312 753 1483 795 archiep.o
1507 753 1657 786 Theban.
1686 755 1869 787 restituant
1892 756 2094 796 paramenta
2121 754 2344 796 pontificalia,

727 816 822 846 vasa,
847 816 991 847 pannos,
1015 807 1124 839 libros
1145 809 1177 840 et
1201 808 1271 839 alia
1294 816 1516 848 quaecumque
1535 810 1735 840 ornamenta
1756 809 1798 840 ad
1823 808 1991 849 capellam
2015 808 2169 842 ecclesiae
2191 808 2344 842 Theban-

727 861 865 902 pertin„
883 870 968 901 quae,
988 861 1159 902 Stephano
1183 861 1354 902 archiep.o
1369 862 1543 902 Thebano,
1562 862 1812 903 praedecessore
1827 871 1904 900 suo,
1921 862 2012 903 apud
2029 863 2264 895 Brundusium
2289 863 2348 894 de-

728 915 857 952 functo,
876 923 982 954 penes
1000 924 1059 947 eos
1074 916 1324 948 remanserunt.
1345 915 1397 955 (A.
1416 917 1490 954 258,
1507 915 1529 948 f.
1549 917 1590 948 92
1605 915 1619 937 b
1635 926 1643 954 ;
1667 916 1704 947 V.
1721 917 1772 956 83,
1789 925 1843 957 ep.
1863 917 1969 956 1538.)

774 966 913 999 28383.
933 987 970 991 —
988 969 1125 1000 Mar-tino
1139 968 1177 1000 de
1191 968 1361 1010 Belloforti
1377 969 1490 1002 collat.
1511 978 1607 1010 perp.
1625 969 1761 1002 vicariae
1778 969 1915 1010 paroch.
1935 969 2016 1002 eccl.
2033 969 2075 1001 de
2092 969 2259 1007 Canhaco,
2281 970 2344 1002 Ca-

728 1025 859 1055 turcen.
882 1024 942 1061 di.,
965 1032 1026 1063 per
1046 1023 1128 1055 obit.
1149 1023 1294 1055 Joannis
1315 1023 1439 1055 Pulhol
1463 1033 1515 1064 ap.
1535 1024 1568 1056 S.
1590 1023 1630 1055 A.
1650 1023 1778 1064 praevia
1799 1033 1927 1056 reserv.
1952 1032 2024 1056 vac.
2049 1040 2088 1046 —
2112 1024 2140 1056 Ι.
2165 1032 2195 1056 e.
2215 1032 2263 1056 m.
2290 1032 2347 1056 ar-

729 1077 862 1117 chiep.o
889 1078 1037 1117 Aquen.‚
1063 1078 1096 1109 et
1123 1077 1250 1109 archid.
1279 1077 1545 1118 Montispensati
1572 1077 1766 1116 Caturcen.,
1792 1086 1830 1110 ac
1851 1077 2003 1110 sacrIstae
2025 1077 2235 1118 Forojulien.
2263 1077 2343 1110 eccl.

732 1131 785 1170 (A.
802 1133 854 1168 27,
870 1131 893 1162 f.
912 1132 971 1162 223
988 1131 1024 1168 1³5
1049 1131 1083 1162 V.
1099 1132 1151 1170 83,
1166 1140 1218 1172 ep.
1237 1132 1342 1171 1571.)

776 1182 913 1215 28384.
931 1203 970 1208 -
983 1185 1168 1227 Ilaymundo
1185 1185 1222 1216 de
1239 1185 1380 1224 Foresta,
1397 1195 1480 1216 mon.
1498 1191 1631 1216 monast.
1652 1185 1808 1224 Cluniae„
1829 1186 2030 1217 Matisconen.
2047 1185 2106 1224 di.,
2125 1185 2238 1218 collat.
2254 1186 2346 1226 prio-

729 1241 823 1271 ratus
834 1240 874 1271 de
887 1239 1147 1277 Podiolauterii,
1161 1239 1233 1271 ord.
1246 1239 1414 1278 Cluniac.‚
1426 1240 1614 1280 Vapincen.
1627 1239 1688 1277 di.,
1702 1239 1849 1280 subjecti
1861 1239 2030 1279 prioratui
2042 1248 2070 1271 s.
2083 1239 2228 1272 Andreae
2240 1246 2346 1280 prope

729 1302 846 1325 muros
865 1294 1065 1334 Vapiucen.,
1086 1293 1194 1334 ejusd.
1215 1294 1301 1331 ord„
1325 1302 1345 1325 a
1368 1293 1457 1326 dicto
1477 1294 1625 1326 monast.
1651 1293 1875 1334 dependentis
1897 1294 1950 1333 (25
1970 1293 1994 1325 1.
2014 1292 2066 1334 t.)‚
2084 1301 2146 1334 per
2163 1292 2349 1325 assecutio-

729 1356 806 1379 nem
825 1347 866 1378 ab
883 1347 1035 1379 Arnaldo
1051 1348 1092 1379 de
1108 1347 1304 1388 Arguisono
1319 1347 1361 1380 de
1375 1347 1530 1388 Riperiis
1544 1347 1670 1379 factam
1687 1347 1728 1379 de
1743 1347 1898 1388 prioratu
1912 1347 1954 1379 de
1969 1346 2136 1388 Riperiis,
2154 1346 2228 1378 ord.
2247 1347 2280 1379 et
2298 1345 2346 1379 di.

729 1401 981 1441 praedictorum,
1005 1401 1072 1440 ipsi
1093 1402 1202 1441 apost.
1225 1402 1314 1433 auct.
1337 1401 1472 1440 collato,
1493 1409 1566 1433 vac.
1584 1418 1622 1423 —
1640 1401 1668 1433 I.
1691 1409 1722 1432 e.
1741 1409 1787 1432 m.
1810 1401 1853 1433 de
1875 1401 2021 1433 Rometa
2039 1400 2228 1441 Vapincen.
2251 1400 2286 1432 et
2307 1399 2348 1432 de

729 1453 917 1494 Faylifoco,
943 1455 1089 1494 Dignen.
1113 1455 1171 1492 di.,
1191 1454 1366 1495 prioribus
1388 1463 1426 1486 ac
1445 1463 1550 1495 praep.
1570 1454 1650 1487 eccl.
1676 1454 1895 1495 Mirapiscen.
1915 1454 1966 1493 (A.
1986 1455 2037 1493 27,
2056 1453 2081 1485 f.
2101 1454 2211 1491 224·;
2237 1452 2273 1486 V.
2294 1453 2347 1491 83,

730 1510 908 1548 ep.15720

775 1559 914 1592 28385.
937 1580 971 1585 -
987 1561 1156 1593 Guillermo
1179 1562 1217 1593 de
1235 1562 1394 1594 Chiurone
1411 1562 1523 1594 collat.
1544 1571 1663 1594 canon.
1684 1562 1748 1594 sub
1765 1571 1862 1603 exsp.
1882 1561 1985 1603 praeb.
2009 1562 2091 1594 eccl.
2112 1560 2287 1594 Bisuntin.
2307 1578 2346 1586 -

729 1617 756 1648 Ι.
778 1625 808 1647 e.
832 1625 877 1649 m.
901 1615 976 1647 abb.
1004 1617 1150 1648 monast.
1175 1616 1216 1648 de
1241 1615 1522 1654 Intermontibus‚
1545 1617 1578 1647 et
1599 1616 1706 1656 priori
1726 1611 1767 1648 de
1790 1616 1989 1652 Tallueriis,
2009 1615 2207 1648 Gebennen.
2228 1614 2288 1651 di.,
2309 1623 2347 1646 ac

728 1670 876 1710 Guigoni
891 1670 932 1701 de
949 1679 976 1700 s.
995 1670 1176 1707 Germano,
1197 1679 1270 1701 can.
1288 1670 1457 1708 Anicien.‚
1475 1670 1576 1710 Papae
1594 1678 1665 1710 cap.
1684 1670 1736 1708 (A.
1751 1671 1802 1708 27,
1823 1670 1847 1702 f.
1863 1669 1972 1708 219113
2001 1668 2036 1701 V.
2056 1665 2108 1707 83,
2126 1678 2178 1710 ep.
2200 1669 2306 1708 1598.)

775 1721 913 1753 28388.
931 1741 969 1747 -
989 1723 1151 1754 Armando
1167 1723 1204 1754 de
1226 1723 1324 1760 Valle,
1342 1732 1432 1755 mon.
1458 1723 1540 1755 eccl.
1562 1723 1745 1761 Sarlaten„
1764 1724 1802 1756 Ο.
1821 1723 1855 1755 S.
1875 1723 1928 1760 Β.,
1949 1731 2042 1755 conc.
2066 1723 2104 1755 ut
2120 1722 2232 1763 gratia
2246 1730 2343 1763 exsp.

729 1776 841 1808 benef.
865 1786 892 1808 s.
912 1786 954 1814 c.,
970 1777 1107 1808 etiamsi
1124 1777 1298 1816 prioratus
1319 1777 1372 1808 vel
1390 1777 1584 1808 administr.
1602 1777 1777 1815 existeret,
1793 1785 1855 1817 per
1871 1785 1961 1809 mon.
1980 1776 2078 1809 dictae
2096 1776 2178 1808 eccl.
2196 1775 2276 1817 gub.
2295 1784 2347 1808 so-

729 1830 794 1868 liti,
815 1831 849 1861 in
868 1830 959 1862 civit.
978 1830 1031 1862 vel
1046 1830 1093 1861 di.
1113 1830 1295 1868 Sarlaten.,
1314 1832 1347 1862 et
1364 1830 1406 1862 ad
1422 1829 1537 1862 collat.
1555 1830 1624 1870 ep.i
1641 1831 1674 1862 et
1691 1830 1790 1871 capit.
1810 1830 1978 1862 Sarlaten.
1997 1829 2134 1870 pertin„
2153 1837 2262 1870 nuper
2278 1828 2348 1870 ipsi

729 1893 902 1921 concessa,
919 1883 1123 1915 extendatur
1138 1884 1181 1915 ad
1195 1883 1362 1915 beneficia
1378 1885 1506 1921 curata,
1527 1893 1672 1924 quorum
1690 1893 1772 1915 cura
1789 1892 1849 1924 per
1865 1883 2009 1916 clericos
2028 1883 2141 1915 saecul.
2157 1884 2344 1916 exercetur.

728 1956 767 1961 —
782 1938 808 1969 I.
830 1947 858 1969 e.
877 1946 921 1969 m.
943 1937 1115 1977 archiep.o
1129 1937 1316 1982 Arelatem,
1334 1939 1367 1969 et
1383 1936 1497 1969 abbati
1514 1939 1660 1969 monast.
1679 1947 1706 1969 s.
1724 1937 1883 1975 Amandi,
1897 1937 2066 1970 Sat-laten.
2084 1937 2145 1975 di.,
2162 1945 2202 1969 ac
2217 1935 2346 1968 archid.

729 1992 982 2031 Petragoricen.
1001 1991 1058 2032 (V.
1075 1992 1127 2029 83,
1147 2000 1199 2031 ep.
1221 1993 1326 2031 1687.)

774 2043 911 2075 28387.
930 2063 967 2068 -
987 2044 1144 2085 Gaufrido
1163 2045 1327 2082 Dalmatii,
1347 2055 1429 2077 mon.
1448 2051 1579 2077 monast.
1600 2044 1757 2082 cluniac,
1775 2045 1978 2078 Matisconen.
1997 2045 2054 2084 di.,
2072 2044 2186 2077 collat.
2203 2045 2347 2077 decana-

727 2101 784 2131 tus
803 2099 1038 2131 conventualis
1055 2099 1095 2130 de
1118 2099 1227 2139 Gaya,
1250 2099 1403 2131 Cluniae.
1428 2099 1515 2138 ord„
1537 2100 1677 2132 Trecen.
1701 2099 1760 2137 di.,
1785 2108 1846 2140 per
1866 2108 1958 2131 mon.
1979 2099 2063 2131 dicti
2085 2099 2231 2131 monast.
2253 2097 2348 2131 soliti

729 2153 807 2194 gub.
828 2153 986 2193 dictoque
1005 2154 1150 2185 monast.
1169 2152 1367 2185 immediate
1386 2152 1542 2194 subjecti,
1562 2155 1595 2185 et
1612 2161 1673 2193 per
1693 2153 1943 2186 assecutionem
1959 2161 1980 2184 a
1994 2152 2184 2185 Bertrando
2201 2152 2243 2184 de
2260 2152 2345 2185 Nar-

729 2208 820 2239 eesio
838 2208 879 2238 de
901 2207 1055 2247 prioratu
1075 2207 1115 2238 de
1135 2206 1266 2238 Paredo
1287 2207 1368 2238 dicti
1386 2207 1473 2245 ord.,
1493 2207 1640 2239 AEduen.
1663 2207 1722 2245 di.,
1744 2207 1813 2248 ipsi
1830 2216 1850 2239 a
1868 2206 1938 2238 ΡΡ.
1960 2207 2083 2239 collato
2104 2206 2228 2238 factam
2249 2214 2323 2238 vac.
2335 2214 2346 2242 ;

729 2261 929 2292 decanatum
950 2269 1030 2292 vero
1055 2260 1095 2292 de
1117 2260 1319 2292 Rocennaco
1343 2261 1425 2293 dicti
1443 2261 1529 2298 ord„
1554 2260 1806 2301 Petragoricen.
1828 2261 1888 2296 di.,
1911 2259 1977 2292 eid.
2000 2259 2210 2292 monasterio
2227 2259 2348 2292 imme·

729 2315 820 2346 diate
840 2314 1042 2355 subjectum,
1059 2314 1232 2346 dimittere
1247 2315 1392 2346 tenetur.
1418 2334 1452 2339 —
1466 2315 1494 2346 Ι.
1514 2324 1542 2347 e.
1560 2324 1606 2346 m.
1623 2314 1738 2347 abbati
1753 2306 1899 2347 monast.
1920 2314 1961 2346 de
1976 2314 2072 2346 Cella
2084 2323 2190 2355 prope
2205 2313 2343 2350 Trecas,

730 2370 763 2400 et
779 2377 806 2399 s.
826 2368 1004 2400 Saturnini
1018 2368 1059 2400 de
1077 2368 1186 2399 Portu
1200 2377 1237 2399 ac
1249 2368 1289 2400 de
1306 2368 1521 2406 Contamina,
1539 2369 1672 2402 Uticen.
1689 2370 1720 2400 et
1734 2367 1931 2400 Gebennen.
1949 2367 2009 2406 di.,
2026 2367 2211 2408 prioribus.
2225 2366 2279 2407 (A.
2291 2367 2344 2405 27,

731 2422 754 2453 f.
773 2423 833 2454 325
852 2427 881 2458 ²3
905 2421 940 2452 V.
961 2422 1012 2459 83,
1032 2431 1085 2462 ep.
1105 2422 1212 2462 1870.)

775 2472 913 2505 28388.
934 2493 973 2499 -
987 2475 1106 2506 Joanni
1121 2475 1158 2506 de
1175 2475 1366 2506 Perrendrut
1381 2476 1490 2516 gratia
1505 2485 1601 2516 exsp.
1618 2476 1792 2516 prioratus
1808 2484 1836 2507 s.
1853 2475 1980 2507 Albani
1995 2475 2174 2513 Basilien„
2191 2474 2344 2507 Cluniae.

730 2529 817 2566 ord.‚
836 2530 982 2561 monast.
1000 2529 1153 2561 Cluniae.
1175 2529 1373 2561 immediate
1392 2529 1537 2570 subjecti
1553 2531 1586 2561 et
1606 2538 1666 2570 per
1681 2529 1933 2562 assecutionem
1952 2538 1971 2561 a
1984 2528 2158 2561 Bernardo
2177 2528 2218 2560 de
2234 2527 2345 2561 Gene-

729 2582 835 2615 breda
850 2582 1042 2614 faciendam
1053 2583 1094 2615 de
1106 2583 1271 2615 decanatu
1282 2583 1323 2615 de
1335 2584 1549 2622 Rocennaco,
1563 2583 1631 2624 ipsi
1644 2593 1664 2615 a
1676 2583 1743 2615 ΡΡ.
1758 2584 1944 2622 reservato,
1957 2584 1994 2615 in
2006 2582 2165 2624 proximo
2176 2581 2327 2614 vacaturi
2334 2589 2344 2618 3

730 2637 921 2677 prioratum
935 2645 1015 2668 vero
1029 2637 1070 2668 de
1087 2637 1168 2671 Alta
1183 2637 1313 2675 Kilika,
1330 2637 1413 2669 dicti
1430 2638 1516 2675 ord„
1534 2637 1740 2669 Basiliensis
1754 2637 1814 2675 di.,
1830 2637 1971 2677 praefato
1984 2638 2131 2669 monast.
2148 2635 2346 2668 immediate

731 2690 921 2730 subjectum
935 2690 1098 2722 dimittat.
1113 2709 1150 2713 -
1167 2691 1205 2721 In
1221 2699 1250 2722 e.
1268 2699 1313 2722 m.
1327 2699 1355 2721 s.
1371 2691 1500 2723 Oulrici
1513 2693 1546 2723 et
1561 2691 1602 2723 de
1618 2691 1886 2731 Frigidomonte,
1903 2691 2069 2723 Basilien.
2082 2690 2143 2728 di.,
2158 2689 2345 2730 prioribus,

731 2754 768 2776 ac
785 2753 889 2785 praep.
909 2745 1054 2776 monast.
1080 2752 1107 2775 s.
1129 2744 1298 2776 Leonardi
1322 2745 1486 2776 Basilien.
1512 2753 1573 2786 per
1591 2754 1694 2785 praep.
1719 2745 1813 2777 soliti
1835 2745 2029 2786 gubernari.
2050 2744 2105 2785 (A.
2124 2746 2174 2782 27,
2197 2743 2220 2775 f.
2239 2745 2299 2776 325
2314 2743 2345 2782 ¹²3

735 2797 773 2830 V.
795 2798 848 2835 83,
868 2805 921 2837 ep.
940 2797 1048 2837 1871.)

776 2848 915 2881 28389.
934 2869 972 2873 -
991 2850 1156 2882 Bernardo
1178 2851 1215 2882 de
1236 2851 1424 2890 &mebi-eda,
1445 2862 1535 2884 mon.
1561 2843 1706 2884 monas‘t.
1727 2852 1878 2885 Cluniae.
1902 2852 2125 2884 Matisconen.
2148 2851 2207 2890 di.,
2235 2851 2346 2891 gratia

730 2914 826 2945 exsp.
847 2905 929 2937 dicti
950 2905 1133 2937 decanatus
1154 2905 1195 2936 de
1215 2906 1428 2944 Rocennaco,
1450 2915 1511 2946 per
1534 2906 1786 2938 assecutionem
1804 2915 1824 2938 a
1847 2906 2014 2939 Gaufrido
2033 2905 2198 2938 Dalmatii
2222 2905 2346 2936 facien-

730 2959 809 2990 dam
832 2959 873 2990 de
896 2959 1061 2990 decanatu
1084 2959 1300 2991 conventuali
1320 2959 1360 2991 de
1380 2960 1476 3000 Gaya
1492 2960 1595 3000 (vide,
1614 2970 1646 2991 n.
1663 2960 1790 2996 28387),
1806 2961 1842 2991 in
1855 2959 1953 2992 brevi
1969 2959 2139 2996 vacatur13
2156 2958 2345 2999 prioratum
