2540 3496
225 414 328 441 Datum
347 408 531 442 Avenione.

195 516 214 544 5
225 517 270 550 (111
283 517 363 550 non.)
375 518 458 542 mart.
475 513 562 542 1327.

323 560 353 588 T.
374 559 433 589 XX.

344 782 377 809 Isi.
398 790 421 808 s.

297 827 327 854 T.
349 825 467 853 XXXVI.

196 890 216 918 6
229 889 263 925 (n
278 891 358 921 non.)
377 891 459 916 mart.
478 886 566 915 1327.

286 934 318 961 Τ.
334 934 380 968 Χ1,
398 933 469 960 XIII.

342 1103 377 1130 Ut
394 1111 418 1129 s.

291 1148 321 1175 T.
337 1147 383 1181 XI,
402 1146 474 1174 XIII.

214 1692 232 1721 7
250 1693 345 1729 (non.)
360 1695 444 1720 mart.
467 1690 554 1719 1327.

280 1738 311 1766 T.
329 1737 400 1772 XIV,
419 1737 489 1764 XVI.

348 1961 384 1989 Ut
403 1969 426 1988 s.

316 2006 347 2033 T.
365 2005 461 2035 XXIV.

352 2069 389 2096 Ut
409 2077 433 2096 s.

288 2114 318 2142 T.
339 2114 399 2147 XII,
419 2113 490 2140 XIV.

354 2337 390 2365 L't
405 2345 429 2364 s.

294 2382 339 2409 Gr.
353 2390 405 2417 pro
420 2381 488 2409 Deo.

356 2497 391 2525 Ut
409 2505 433 2524 s.

337 2542 368 2569 T.
390 2542 446 2569 XX.

355 2604 392 2632 Ut
410 2613 435 2633 S.

335 2649 366 2676 T.
383 2649 454 2676 XVI.

357 2709 395 2738 Ut
411 2718 436 2738 s.

308 2755 339 2783 T.
356 2755 403 2790 xl,
417 2755 489 2782 xm.

362 2978 398 3006 Ut
417 2986 441 3005 s.

309 3023 340 3051 T.
357 3023 405 3056 XI,
420 3022 494 3051 XIII.

357 3086 506 3114 JOANNIS
526 3085 611 3113 XXII.
631 3101 664 3105 —
683 3085 713 3112 T.
736 3085 784 3114 Π.

591 321 765 353 JOANNIS
789 321 907 352 PAPAE
930 321 1032 353 XXII.
1057 321 1306 362 (1316-1334).
1327 339 1366 344 -
1389 321 1575 351 LITTERAE
1598 320 1824 351 COMMUNES

2169 323 2229 354 473

665 510 801 542 28093.
826 529 862 535 -—
883 513 1000 544 Abbati
1020 519 1150 544 monast.
1174 524 1197 546 s.
1217 514 1322 554 Scryii
1337 513 1549 554 Andeqaven„
1570 518 1598 543 el
1618 514 1755 543 sacristae
1770 512 1967 553 quoriccn„
1986 523 2021 543 ac
2040 513 2181 550 Racterio
2193 513 2231 544 de

622 565 803 606 Belloforti,
822 577 890 597 can.
911 567 984 598 eccl.
1009 567 1186 604 Vaurensis,
1205 568 1317 598 mand.
1333 569 1369 598 ut
1382 567 1572 599 Guillermo
1588 567 1629 598 de
1642 567 1824 599 castaneto
1840 567 1976 606 paroch.
1996 567 2075 598 eccl.
2094 567 2135 598 de
2148 567 2230 598 Blu-

621 620 712 651 mato
733 620 803 659 jam
821 620 945 651 dictam
962 621 1148 658 conferant,
1167 630 1243 652 cum
1260 621 1300 652 de
1323 621 1399 661 jure
1416 622 1511 652 vacet
1529 630 1570 651 ex
1595 629 1634 652 eo
1661 620 1751 660 quod
1775 620 1864 651 idem
1883 620 2096 652 Guillermus
2112 629 2178 652 non
2194 629 2231 652 se

620 673 700 704 fecit
719 673 809 704 infra
826 682 952 704 annum
970 674 1011 705 ad
1030 675 1258 706 sacerdotium
1273 674 1478 714 promoveri,
1496 674 1597 705 sicuti
1612 674 1803 705 tenebatur.
1820 674 1872 712 (A.
1890 674 1941 711 28,
1960 674 1982 705 f.
1997 675 2058 706 390
2074 679 2103 711 ὃ;
2126 674 2162 705 V.
2179 675 2231 713 84,

622 735 675 766 ep.
693 728 799 764 3083.)

667 777 805 809 28094.
827 799 863 804 -
895 781 1004 820 Super
1031 781 1221 821 praemissis
1250 781 1413 820 praefatus
1443 780 1633 812 Guillermus
1658 780 1858 812 habilitatur
1885 781 1984 820 eique
2011 781 2233 812 remittuntur

623 833 755 864 fructus
774 834 870 865 dictae
886 834 966 865 eccl.
984 835 1025 866 de
1043 835 1212 866 Blumato.
1236 834 1288 875 (A.
1306 836 1357 872 28,
1375 834 1398 865 f.
1414 836 1474 866 390
1492 834 1523 870 ¹³,
1546 834 1578 864 V.
1595 835 1646 872 84,
1665 843 1716 874 ep.
1731 835 1838 873 3082.)

668 884 808 917 23095.
828 905 866 909 -
884 887 974 918 Petro
991 887 1142 925 Ger-casii,
1162 888 1235 919 cler.
1251 887 1453 918 Suessionen.
1477 887 1533 924 ἀεῖ,
1551 887 1659 927 gratia
1677 896 1773 928 exsp.
1794 887 1904 919 benef.
1925 889 1965 925 (c.
1984 897 2012 918 c.
2029 889 2070 920 80
2088 888 2141 919 vel
2159 897 2186 919 s.
2204 897 2232 919 c.

598 952 600 954 ·
623 941 663 971 40
681 940 702 970 l.
721 942 759 979 t.)
777 940 900 980 pertin.
922 942 963 972 ad
979 941 1138 981 diSposit.
1157 941 1225 981 ep.i
1242 941 1462 973 Suessionen.
1475 959 1514 963 -
1531 941 1557 971 Ι.
1578 950 1606 972 0.
1626 949 1671 972 m.
1689 941 1827 978 decano,
1841 942 1873 972 et
1889 941 2078 980 Reginaldo
2097 941 2136 972 de
2154 941 2233 978 Lor,

625 993 857 1032 suessionen.‚
875 996 975 1035 atque
995 995 1146 1027 Oliverio
1157 995 1363 1033 deCerzeto,
1380 995 1523 1026 AEduen.
1538 995 1760 1026 ecclesiarum
1775 995 1959 1026 canonicis.
1975 995 2029 1035 (A.
2044 996 2095 1032 27,
2114 994 2137 1026 f.
2154 996 2193 1026 58
2204 1000 2234 1032 ²;

631 1047 666 1078 V.
686 1049 738 1084 83,
755 1057 806 1088 ep.
829 1050 933 1086 1185.)

671 1098 808 1131 28096.
828 1119 867 1124 -
885 1101 1123 1133 Archambaudo
1139 1101 1175 1132 de
1190 1102 1374 1138 Raunhaco,
1402 1101 1473 1133 cler.
1502 1101 1748 1142 Petrayoricen„
1767 1102 1876 1142 grafia
1898 1110 1996 1142 exsp.
2017 1101 2128 1133 benef.
2147 1103 2188 1140 (c.
2207 1110 2236 1133 0.

625 1157 665 1186 80
678 1155 730 1185 vel
750 1164 777 1186 s.
797 1164 825 1186 c.
844 1157 883 1187 40
899 1155 922 1186 l.
941 1157 979 1194 t.)
998 1156 1122 1195 pertin.
1144 1156 1186 1186 ad
1204 1156 1468 1195 dispositionem
1485 1156 1553 1196 ep.i
1570 1157 1602 1187 et
1619 1155 1718 1195 capit.
1740 1155 1992 1195 Petragoricen.
2018 1174 2056 1178 —
2079 1156 2118 1186 In
2140 1164 2168 1187 e.
2188 1165 2236 1186 m.

627 1208 742 1240 abbati
762 1210 905 1240 monast.
924 1209 1174 1246 Turturiacen„
1193 1209 1446 1249 Petragoricen.
1461 1209 1522 1246 di„
1539 1210 1572 1240 et
1587 1209 1714 1240 archid.
1732 1209 1772 1240 de
1790 1209 1972 1241 Belvacino
1990 1209 2184 1244 Belvacen.,
2199 1217 2238 1240 ac

626 1262 792 1294 Gaufrido
809 1262 842 1293 la
856 1263 970 1300 Porta,
991 1271 1063 1294 can.
1085 1264 1233 1302 Burgen.
1252 1263 1488 1294 ecclesiarum.
1509 1262 1561 1302 (A.
1579 1264 1629 1300 27,
1648 1262 1670 1293 f.
1688 1264 1747 1295 100
1760 1262 1789 1299 ¹³,
1816 1262 1849 1293 V.
1868 1263 1919 1300 83,
1937 1271 1991 1302 ep.
2011 1262 2118 1303 1275.)

673 1313 812 1345 28097.
832 1333 871 1338 -
890 1315 976 1356 E'p.o
996 1315 1132 1352 Dolensi,
1150 1316 1294 1356 etpriori
1308 1316 1492 1346 Monasterii
1508 1315 1610 1357 Niqm',
1631 1326 1688 1357 per
1706 1317 1845 1357 priorem
1862 1316 1949 1346 soliti
1963 1316 2048 1357 qub„
2069 1315 2236 1347 Lucionen.

627 1368 685 1406 di.‚
701 1379 736 1399 ac
753 1369 868 1400 decano
886 1369 959 1400 eccl.
981 1369 1185 1400 Cenomanen.
1202 1370 1316 1400 mand.
1336 1371 1374 1400 ut
1391 1371 1509 1401 contra
1532 1370 1711 1406 Joannem,
1731 1379 1848 1409 ep.um
1865 1371 2042 1407 Veneten.,
2061 1372 2093 1401 et
2111 1370 2237 1410 quond.

628 1423 793 1454 Thomam
809 1423 850 1454 de
862 1424 981 1460 Anast,
1000 1424 1080 1454 tunc
1096 1423 1260 1454 decanum
1277 1423 1510 1463 Andegaven.,
1525 1425 1625 1462 atque
1642 1423 1850 1454 Aubericum
1867 1423 1907 1454 de
1923 1423 2148 1461 Baudement,
2165 1423 2242 1454 sub-

629 1475 793 1507 decanum
808 1476 948 1507 Trecen.
966 1476 1200 1512 ecclesiarum,
1218 1478 1419 1507 executores
1434 1476 1632 1507 testamenti
1648 1476 1792 1512 Arturii‚
1806 1477 1903 1507 ducis
1918 1477 2115 1513 BrItannIae‚
2132 1476 2242 1516 patris

627 1530 770 1560 Joannis
783 1530 879 1560 ducis
895 1529 1092 1566 Britanniae,
1106 1530 1352 1569 dispositiones
1364 1529 1559 1569 hujusmodi
1572 1530 1768 1562 testamenti
1782 1530 1957 1561 observari
1973 1530 2111 1561 faciant.
2124 1530 2176 1570 (A.
2191 1532 2241 1567 27,

630 1583 652 1614 f.
671 1584 725 1614 101
745 1582 774 1619 ¹³3
795 1582 828 1614 V.
846 1584 896 1622 83,
914 1592 967 1622 ep.
986 1584 1083 1620 12993
1100 1583 1140 1615 G.
1158 1583 1288 1620 Mollat,
1308 1583 1430 1614 Etudes
1444 1588 1473 1613 et
1497 1582 1674 1613 documents
1695 1593 1749 1613 sw·
1774 1583 1925 1614 l’hisloire
1944 1583 1980 1614 de
1996 1583 2163 1624 metaque,
2184 1584 2244 1615 Pa-

566 1649 568 1651 >
629 1637 689 1672 ris,
709 1638 800 1672 1907,
821 1646 853 1676 p.
872 1638 991 1675 44-46.)

675 1687 812 1720 28098.
833 1709 871 1713 -
887 1690 1050 1722 Bernardo
1066 1690 1103 1721 de
1123 1678 1280 1728 Camiaeo,
1301 1701 1370 1721 can.
1389 1691 1512 1722 Albien.
1527 1691 1658 1721 ecclesia»
1673 1691 1714 1721 ad
1725 1695 1839 1721 statum
1851 1691 2029 1722 saecularem
2046 1702 2064 1721 a
2081 1691 2245 1731 Bonifacio

629 1743 722 1786 Papa
745 1744 824 1775 VIII
835 1744 978 1782 redae-nv,
996 1745 1094 1786 Papae
1110 1745 1252 1786 physico,
1271 1753 1365 1784 prov.
1383 1745 1487 1785 praeb.
1513 1745 1666 1785 ejusdem
1686 1745 1767 1776 eccl.
1787 1753 1847 1785 per
1865 1745 1996 1776 obitum
2012 1745 2189 1785 Aymerici
2205 1745 2246 1776 de

631 1799 817 1831 Canalibus
835 1799 925 1839 apud
945 1799 981 1830 S.
995 1799 1035 1830 A.
1062 1799 1190 1839 praevia
1206 1807 1333 1830 reserv.
1352 1799 1529 1835 vacantis;
1548 1800 1704 1830 cassatur
1729 1807 1809 1830 vero
1833 1799 1943 1839 gratia
1965 1807 2061 1838 exsp.
2080 1798 2184 1838 praeb.
2211 1799 2246 1830 in

631 1853 721 1884 dicta
735 1852 888 1885 ecclesia.
906 1853 995 1883 —In
1012 1861 1041 1883 e.
1059 1861 1104 1884 m.
1122 1852 1295 1892 archiep.o
1308 1852 1558 1889 Ebredunensi,
1576 1854 1609 1884 et
1625 1861 1728 1892 praep.
1748 1853 1898 1890 Albien.‚
1915 1861 1954 1884 ac
1967 1853 2119 1884 sacristae
2137 1862 2164 1883 s.
2186 1853 2246 1884 Pe-

631 1907 675 1938 tri
694 1907 734 1938 de
749 1906 916 1941 Burlatio,
934 1906 1085 1937 Castren.
1105 1906 1164 1943 di.‚
1181 1902 1262 1937 eccl.
1282 1906 1334 1946 (A.
1353 1908 1405 1944 27,
1424 1906 1446 1938 f.
1463 1908 1502 1937 27
1522 1911 1551 1942 ἃ,
1573 1906 1609 1937 V.
1625 1908 1676 1943 83,
1696 1915 1749 1946 ep.
1769 1907 1875 1946 1129.)

678 1957 814 1988 28099.
832 1955 866 1982 -”
879 1959 1006 1997 Jacobo,
1024 1960 1091 2000 reqi
1106 1960 1297 2000 Arayonum,
1314 1959 1436 1991 induit.
1451 1961 1489 1991 ut
1505 1960 1678 1991 confessor
1693 1960 1801 1991 semel
1816 1960 1851 1990 in
1865 1960 1986 1991 mortis
1999 1960 2153 1999 periculo
2171 1968 2247 1999 pos—

634 2013 679 2050 sit
696 2013 764 2052 ipsi
780 2013 916 2052 plenam
933 2013 1171 2044 remissionem
1189 2014 1407 2052 peccatorum
1425 2013 1621 2044 concedere.
1641 2013 1693 2052 (A.
1710 2015 1760 2050 27,
1777 2013 1800 2044 f.
1820 2014 1859 2045 33
1879 2013 1906 2049 b,
1931 2013 1967 2045 V.
1990 2014 2042 2051 83,
2068 2021 2121 2054 ep.
2142 2014 2247 2052 1138.)

680 2063 817 2096 28100.
837 2084 876 2089 -
895 2066 1083 2107 Raymundo
1101 2066 1138 2096 de
1152 2066 1347 2104 Bernadone,
1366 2077 1435 2097 can.
1457 2066 1701 2102 Claromonten.‚
1721 2067 1918 2107 indulgetur
1934 2068 1984 2105 ut,
1997 2063 2035 2097 ‘n.
2051 2076 2083 2097 v.
2103 2067 2247 2098 Arnaldi

634 2121 751 2152 Duesa
762 2120 974 2151 vicecomitis
983 2121 1187 2152 Caramanni
1204 2120 1380 2160 obsequiis
1391 2122 1449 2152 aut
1461 2121 1653 2152 scolasticis
1667 2120 1861 2161 disciplinis
1877 2120 1912 2151 In
1930 2121 2004 2152 loco
2020 2120 2079 2151 ubi
2095 2121 2248 2152 studium

636 2174 747 2214 vigeat
771 2173 928 2214 generale
956 2174 1159 2211 insistendo,
1180 2173 1235 2205 vel
1261 2174 1296 2204 in
1321 2174 1428 2205 altero
1457 2173 1696 2206 beneficiorum
1719 2183 1860 2205 suorum
1884 2174 2065 2206 residendo
2089 2174 2249 2205 continue

637 2237 696 2260 seu
715 2237 774 2268 per
789 2227 982 2263 intervalla,
998 2227 1127 2259 fructus
1145 2228 1296 2259 eorumd.
1315 2228 1426 2259 benef.
1445 2228 1488 2259 ad
1504 2228 1692 2259 trIennium
1706 2228 1881 2268 perprere
1898 2228 2022 2259 valeat.
2041 2245 2079 2250 -
2097 2228 2135 2259 In
2152 2236 2181 2259 e.
2202 2236 2248 2258 m.

637 2283 885 2318 Convenarum,
906 2280 1084 2312 Caturcen.
1101 2283 1134 2312 et
1150 2291 1178 2312 s.
1195 2282 1288 2313 Flori
1306 2281 1488 2321 episcopis.
1509 2282 1562 2320 (A.
1578 2283 1628 2317 27,
1646 2281 1669 2312 f.
1685 2283 1725 2313 30
1741 2287 1768 2319 ·;
1791 2281 1823 2313 V.
1842 2283 1894 2319 83,
1908 2290 1960 2321 ep.
1983 2283 2088 2320 1139.)

683 2332 819 2364 28101.
837 2352 877 2357 -
895 2334 1055 2365 Bernardo
1071 2334 1108 2365 de
1123 2334 1341 2366 Montecanino
1357 2335 1494 2366 collatio
1510 2335 1646 2375 paroch.
1665 2335 1747 2366 eccl.
1765 2335 1806 2366 de
1822 2335 1984 2375 capellis,
1997 2335 2251 2367 claromonten.

637 2389 699 2426 di„
718 2397 791 2419 vac.
806 2397 866 2428 per
886 2388 1016 2420 obitum
1032 2388 1193 2429 Stephani
1209 2389 1249 2420 de
1266 2389 1402 2429 P-elagis
1421 2389 1511 2429 apud
1530 2389 1564 2421 S.
1585 2389 1624 2421 A.
1650 2389 1812 2420 defuncti.
1832 2406 1871 2412 -
1897 2389 1936 2420 In
1958 2397 1987 2420 e.
2007 2398 2052 2419 m.
2075 2388 2202 2427 abbati,
2220 2390 2254 2421 et

639 2442 787 2475 Geraldo
799 2442 881 2473 Lalo
894 2451 932 2473 ac
942 2442 1043 2474 Petro
1054 2442 1243 2482 Espigalhi,
1256 2451 1328 2474 can.
1341 2443 1421 2474 eccl.
1432 2442 1685 2477 claromonten.
1701 2443 1754 2483 (A.
1767 2444 1818 2480 27,
1834 2442 1856 2473 f.
1870 2444 1908 2474 43
1921 2448 1950 2480 ⁸;
1969 2442 2003 2473 V.
2017 2444 2069 2477 83,
2082 2451 2135 2483 ep.
2148 2443 2254 2481 1161.)

683 2493 823 2526 28102.
843 2514 881 2518 -
899 2494 939 2526 Ν.
961 2506 988 2525 υ.
1013 2495 1171 2533 Beraudo,
1190 2495 1265 2526 davo
1284 2496 1321 2526 de
1339 2495 1569 2538 Salamoniaco,
1586 2496 1762 2527 Aniciensis
1779 2496 1837 2534 di„
1858 2496 2004 2528 facultas
2024 2496 2190 2528 celebrari
2208 2496 2255 2527 fa-

640 2550 751 2582 ciendi
768 2550 909 2581 missam
926 2551 1108 2589 antequam
1124 2550 1199 2581 dies
1216 2550 1403 2582 illucescat.
1421 2550 1473 2591 (A.
1492 2552 1543 2587 27,
1561 2551 1583 2582 f.
1603 2551 1643 2582 46
1656 2550 1685 2587 ¹³,
1715 2550 1745 2580 V.
1762 2552 1814 2585 83,
1834 2559 1887 2591 ep.
1907 2550 2012 2590 1173.)

685 2600 824 2633 28103.
857 2619 896 2625 -
927 2602 1041 2633 Eidem
1067 2603 1239 2635 indultum
1268 2603 1415 2635 habendi
1449 2604 1556 2636 altare
1586 2604 1757 2644 portatile.
1792 2604 1844 2642 (A.
1873 2605 1925 2641 27,
1960 2603 1983 2635 f.
2010 2604 2050 2634 46
2070 2604 2106 2640 b;
2144 2603 2174 2634 V.
2203 2605 2254 2641 83,

642 2666 695 2698 ep.
721 2658 826 2696 1174.)

687 2707 827 2740 28104.
846 2728 885 2733 -
899 2709 1028 2751 Huqoni
1043 2711 1087 2741 La
1104 2710 1201 2742 Crida
1218 2711 1330 2743 collat.
1353 2711 1490 2751 paroch.
1511 2712 1592 2744 eccl.
1612 2712 1652 2743 de
1672 2711 1898 2752 Payrinhaco,
1916 2711 2094 2743 Caturcen.
2117 2711 2176 2750 di.‚
2196 2719 2256 2751 per

643 2764 894 2796 assecutionem
912 2773 931 2795 a
945 2765 1150 2805 Raymundo
1168 2765 1306 2806 Fayditi
1323 2765 1458 2805 paroch.
1477 2765 1559 2797 eccl.
1575 2766 1615 2797 de
1632 2765 1734 2802 Salis,
1751 2766 1798 2797 di.
1818 2765 2050 2805 Mirapiscen.,
2069 2764 2147 2795 huic
2165 2764 2255 2797 litte—

644 2827 759 2850 rarum
779 2819 889 2858 apost.
914 2820 1001 2850 auct.
1023 2819 1166 2854 collatae,
1192 2819 1357 2850 vacantis.
1381 2837 1420 2842 —
1437 2820 1476 2850 In
1495 2828 1524 2851 e.
1544 2828 1590 2850 m.
1609 2828 1685 2859 ep.0
1704 2819 1953 2855 Convenarum,
1973 2819 2005 2850 et
2023 2818 2198 2850 Armando
2217 2818 2256 2851 de

643 2871 821 2909 Narcesio,
838 2880 909 2911 cap.
928 2872 1040 2912 Papae,
1060 2872 1185 2910 decano
1202 2873 1243 2904 de
1258 2873 1410 2905 Tescone
1426 2873 1682 2910 Montisalban„
1698 2881 1736 2903 ac
1751 2880 1854 2912 praep.
1874 2872 2002 2912 Regen.
2021 2872 2254 2903 ecclesiarum.

645 2925 700 2966 (A.
719 2926 771 2961 27,
789 2924 812 2956 f.
833 2926 872 2956 57
888 2930 918 2961 ¹³,
942 2924 976 2956 V.
994 2926 1045 2960 83,
1062 2934 1115 2965 ep.
1132 2926 1238 2965 1194.)

692 2975 834 3008 23105.
854 2995 893 3000 -
907 2978 1040 3009 Andreae
1053 2978 1090 3009 de
1106 2979 1249 3010 Mazom'a
1265 2980 1404 3011 collatio
1418 2989 1537 3011 canon.
1555 2980 1618 3010 sub
1635 2988 1731 3019 exsp.
1751 2978 1855 3018 praeb.
1874 2978 1955 3010 eccl.
1974 2979 2238 3011 VVladislav'ien.
2248 2989 2258 3017 3

648 3040 716 3062 non
731 3031 822 3063 obst.
843 3031 923 3063 eccl.
943 3033 1061 3063 curata
1077 3032 1112 3063 in
1133 3032 1284 3070 Clezcza‚
1301 3034 1498 3064 Cracovien.
1516 3033 1561 3064 di.
1580 3051 1619 3056 —
1634 3033 1660 3063 I.
1676 3041 1704 3064 e.
1722 3041 1767 3064 m.
1786 3032 1983 3064 Cracovien.
2002 3034 2034 3063 et
2052 3033 2260 3067 Poznanien.

2029 3087 2118 3116 '60
