2540 3496
218 396 324 424 Datum
342 392 527 424 Avenione.

257 498 299 526 22
313 498 379 532 jun.
401 497 488 525 1326.

281 544 310 577 (x
326 542 385 570 kal.
399 542 466 578 jul.)

318 587 349 614 T.
367 587 426 614 XII.

331 870 367 898 Ut
384 879 407 898 s.

295 916 327 942 Τ.
348 916 444 942 XVIII.

330 1032 365 1058 Ut
382 1040 407 1058 s.

272 1076 304 1105 T.
322 1076 368 1108 XI,
390 1076 461 1104 XIII.

329 1245 365 1273 Ut
385 1254 408 1273 s.

314 1289 344 1317 T.
365 1290 423 1317 XX.

327 1514 363 1542 Ut
383 1523 406 1541 s.

271 1559 302 1587 T.
323 1560 369 1594 XI,
393 1559 464 1587 XIII.

328 1783 365 1810 Ut
386 1791 409 1810 s.

276 1827 306 1855 T.
322 1827 369 1862 XI,
385 1828 457 1855 XIII.

331 2051 364 2078 Ut
386 2059 409 2079 s.

273 2096 304 2124 T.
323 2096 370 2129 XI,
390 2096 463 2124 XIII.

325 2211 362 2239 Ut
381 2221 404 2239 s.

244 2256 280 2283 T:
293 2256 376 2291 XXII,
393 2257 489 2285 XXIV.

327 2480 364 2508 Ut
383 2489 407 2507 s.

233 2525 264 2554 T.
286 2525 382 2558 XXIV,
403 2526 500 2553 XXVI.

330 2694 366 2722 Ut
387 2703 410 2722 s.

239 2739 270 2767 T.
290 2739 386 2773 XXIV,
405 2740 500 2767 XXVI.

592 303 766 335 1ΙΟΑΝΝῙΞ
790 303 908 333 PAPAE
931 302 1033 332 XXII.
1057 303 1307 342 (1316-1334).
1330 321 1368 324 —
1391 301 1578 331 LITTERAE
1601 301 1827 332 COMMUNES
2050 307 2052 311 ’
2169 306 2225 335 231

664 493 802 525 25720.
822 513 859 517 —
876 494 993 526 Abbati
1010 494 1047 524 de
1070 493 1236 531 Boclonde,
1253 498 1282 524 et
1298 493 1400 534 priori
1418 492 1454 523 de
1471 492 1639 534 Berlysclze
1653 503 1713 533 per
1725 493 1863 533 priorem
1880 493 1965 524 soliti
1978 494 2052 534 qub.
2074 499 2229 525 monaste-

620 550 748 586 riorum,
771 549 929 579 Ecronien.
954 548 1011 584 di.,
1028 558 1064 578 ac
1081 547 1250 578 Benedicto
1265 547 1301 577 de
1318 547 1447 582 Pastori,
1465 557 1533 577 can.
1558 547 1730 583 Exonien„
1748 547 1846 587 Papae
1863 547 2038 588 capellano,
2056 548 2169 579 mand.
2193 551 2229 580 ut

619 603 723 634 citent
748 603 926 643 ad-coram
953 602 1046 641 Papa
1071 601 1160 632 infra
1184 611 1207 631 11
1238 609 1373 632 menses
1396 601 1660 640 comparendum
1688 601 1881 638 Mamaeum,
1908 601 2058 641 priorem
2082 604 2227 633 monast.

619 656 817 696 Plympton,
837 664 897 695 per
910 655 1060 695 priorem
1080 655 1174 686 soliti
1189 654 1282 694 gub.,
1301 654 1338 686 O.
1355 654 1388 685 S.
1406 656 1460 688 A.‚
1480 654 1577 685 dictae
1591 655 1650 690 di.,
1675 654 1733 694 qui
1749 655 1884 686 litteras
1903 656 2013 694 apost.
2030 656 2229 687 mandatum

620 709 833 740 continentes
850 717 912 748 pro
927 708 1120 747 receptione
1135 707 1279 739 Joannis
1295 707 1336 738 de
1350 706 1527 745 HolImpo,
1546 707 1625 738 cler.
1644 707 1858 738 Lincolnien.
1872 708 1931 744 di.,
1952 708 1987 738 in
2009 709 2063 740 sui
2082 711 2227 741 monast.

620 771 706 800 can„
722 762 879 793 manibus
897 763 930 793 et
944 760 1108 794 >dentibus
1124 760 1300 797 laceravit,
1323 761 1356 791 et
1374 760 1409 790 in
1426 760 1538 799 ipsius
1556 760 1670 791 clerici
1693 760 1814 792 faciem
1834 761 1944 801 petias
1967 761 2141 793 frustatim
2157 772 2230 803 pro-

615 815 707 855 Jecit.
726 815 780 855 (A.
800 816 850 852 25,
868 814 891 845 f.
911 817 969 846 135
984 820 1012 851 ⁸;
1038 814 1074 845 V.
1094 815 1146 850 81,
1163 822 1216 853 ep.
1237 813 1343 850 1811.)

665 866 802 898 25721.
818 887 857 891 -
872 867 1048 899 Raimundo
1064 867 1229 907 Stephani,
1249 866 1375 897 archid.
1406 867 1627 906 Vapincensi,
1646 868 1682 898 in
1706 869 1848 907 utroque
1869 869 1946 908 jure
1972 869 2160 907 licentiato,
2181 870 2229 900 in-

618 922 701 953 dult.
719 924 756 953 ut
780 930 888 961 usque
907 922 949 952 ad
970 930 1078 952 unum
1098 929 1236 956 annum,
1255 920 1290 950 in
1307 920 1381 950 loco
1404 919 1462 950 ubi
1481 920 1633 951 studium
1652 921 1764 961 vigeat
1787 922 1956 961 generale,
1976 922 2080 962 leges,
2100 923 2136 954 in
2156 924 2230 963 qui-

619 976 683 1006 bus
699 976 852 1006 lauream
869 975 1065 1006 doctoratus
1083 974 1222 1013 assequi
1239 973 1344 1012 cupit,
1363 973 1475 1013 legere
1489 973 1611 1004 valeat.
1629 975 1680 1012 (A.
1696 976 1747 1010 25,
1764 975 1787 1005 f.
1806 977 1860 1006 141
1879 981 1908 1011 ⁸,
1935 975 1965 1006 V.
1985 976 2036 1013 81,
2052 985 2105 1016 ep.
2123 978 2228 1016 1827.)

663 1026 803 1059 25722.
819 1047 858 1051 -
876 1027 1025 1059 Cabrioto
1041 1031 1114 1058 nato
1130 1037 1160 1058 n.
1179 1037 1208 1057 v.
1231 1026 1390 1057 Albertini
1407 1026 1443 1056 de
1462 1026 1597 1064 canosa,
1615 1027 1738 1058 clerico
1756 1028 1838 1060 eccl.
1857 1037 1884 1059 s.
1904 1029 1997 1060 Petri
2014 1029 2055 1061 de
2073 1030 2228 1070 Bagiolo,

617 1083 738 1122 Regin.
755 1082 816 1119 di.,
833 1091 928 1121 prov.
946 1090 1067 1113 canon.
1083 1081 1164 1112 eccl.
1183 1080 1417 1112 Ferrariensis
1431 1080 1494 1111 sub
1512 1089 1607 1120 exsp.
1626 1081 1730 1120 praeb.
1746 1099 1783 1103 —
1804 1082 1830 1112 Ι.
1849 1091 1878 1113 0.
1895 1091 1940 1114 m.
1960 1091 2064 1122 praep.
2084 1092 2113 1114 s.
2127 1084 2229 1115 Joan-

616 1136 671 1166 nis
687 1135 880 1175 baptisterii
906 1136 1077 1172 Parmen.,
1094 1135 1126 1165 et
1151 1133 1297 1173 archipr.
1318 1133 1358 1164 de
1376 1133 1555 1170 colliculo,
1578 1133 1737 1165 Parmen.
1762 1135 1822 1172 di.,
1841 1144 1879 1166 ac
1900 1136 2025 1167 Bosolo
2038 1136 2079 1167 de
2093 1137 2229 1174 Parma,

616 1198 691 1221 can.
706 1190 894 1220 Tornacen.
911 1189 992 1220 0001.
1009 1188 1062 1227 (Α.
1079 1189 1130 1225 25,
1143 1187 1166 1218 f.
1186 1189 1245 1219 152
1260 1186 1290 1222 ὓς
1311 1186 1345 1218 V.
1365 1188 1417 1222 81,
1434 1195 1487 1226 ep.
1508 1187 1615 1227 1858.)

661 1239 799 1272 25723.
818 1261 854 1265 -
872 1242 913 1272 Ν.
931 1252 959 1272 υ.
978 1241 1083 1271 Marco
1100 1246 1174 1271 nato
1188 1251 1220 1272 η.
1235 1251 1262 1272 v.
1280 1240 1425 1281 Philippi
1440 1240 1476 1271 de
1489 1241 1624 1280 Peraqa,
1639 1245 1667 1271 et
1684 1252 1714 1272 n.
1730 1251 1771 1271 m.
1788 1241 1928 1272 Beatrici
1942 1247 2023 1272 naeae
2039 1244 2153 1284 quond.
2171 1244 2228 1274 Al-

617 1296 731 1326 bertim'
746 1295 784 1326 de
801 1295 1002 1333 castronovo,
1023 1294 1139 1325 civibus
1156 1294 1331 1329 Ραάααηίε,
1349 1303 1424 1334 quae
1441 1303 1518 1325 cum
1541 1294 1711 1334 quondam
1733 1294 1870 1332 Jacobo,
1893 1295 1964 1326 filio
1983 1298 2154 1336 quondam
2171 1298 2230 1329 Di·

617 1350 711 1381 mitri
736 1350 776 1381 de
794 1349 999 1384 Comitibus‚
1024 1349 1136 1380 eidem
1155 1349 1269 1380 Marco
1294 1352 1341 1378 1v⁰
1363 1348 1585 1388 consanguin.
1613 1349 1719 1387 gradu
1743 1349 1920 1386 attinente,
1947 1350 2030 1381 olim
2054 1351 2229 1390 sponsalia

615 1405 794 1441 contraxit,
814 1403 965 1442 dispens.
988 1411 1092 1442 super
1109 1402 1354 1442 impedimento
1374 1401 1517 1441 justitiae
1536 1401 1682 1441 publicae
1708 1402 1898 1433 honestatiS
1921 1403 1956 1433 in
1978 1405 2126 1435 matrim.
2152 1413 2228 1436 con-

615 1457 792 1489 trahendo.
810 1457 866 1497 (A.
886 1458 936 1494 25,
952 1456 977 1487 f.
996 1458 1055 1487 179
1071 1455 1100 1493 b;
1126 1455 1158 1486 V.
1177 1457 1228 1491 81,
1245 1464 1297 1495 ep.
1317 1454 1424 1495 1909.)

660 1507 798 1541 25724.
813 1528 853 1533 -
870 1509 1018 1550 Philippo
1034 1509 1212 1550 Bonajoute
1227 1508 1264 1539 de
1286 1508 1386 1539 Imola
1403 1518 1499 1548 prov.
1516 1518 1635 1540 canon.
1654 1508 1717 1540 sub
1739 1518 1835 1549 exsp.
1855 1509 1957 1549 praeb.
1972 1510 2124 1542 ecclesiae
2140 1511 2227 1543 Imo-

615 1565 741 1602 lensis;
759 1573 825 1595 non
842 1563 930 1595 obst.
949 1563 1087 1603 paroch.
1108 1563 1189 1594 eccl.
1214 1572 1243 1594 s.
1260 1562 1440 1594 Michaelis
1457 1563 1499 1594 de
1524 1563 1665 1599 Uncola,
1682 1563 1870 1594 Bononien.
1890 1563 1949 1600 di.,
1966 1566 1998 1595 et
2015 1573 2133 1595 canon.
2152 1573 2228 1596 cum

614 1618 718 1658 praeb.
735 1619 770 1650 in
788 1618 868 1650 eccl.
884 1627 911 1648 s.
929 1617 1105 1649 Laurentii
1121 1617 1316 1648 Imolensis.
1334 1635 1374 1639 —
1388 1617 1414 1648 1.
1432 1625 1462 1648 0.
1481 1625 1526 1648 m.
1546 1616 1693 1656 archipr.
1716 1616 1828 1656 plebis
1846 1617 1886 1648 de
1903 1618 2020 1655 Cento,
2039 1618 2226 1649 Bononien.

613 1673 673 1710 di.,
689 1674 723 1704 et
734 1672 904 1712 Stephano
920 1672 961 1703 (10
976 1672 1091 1708 Prato,
1106 1671 1298 1708 Faventin.,
1315 1680 1352 1702 ac
1363 1670 1491 1702 Busolo
1507 1670 1547 1701 de
1562 1670 1698 1706 Parma,
1713 1671 1901 1702 Tornacen.
1916 1680 1990 1702 can.
2007 1672 2087 1703 eccl.
2104 1671 2157 1712 (A.
2174 1674 2225 1710 25,

612 1726 636 1757 f.
653 1728 712 1757 222
726 1732 755 1762 ¹3
777 1726 813 1757 V.
830 1727 881 1762 81,
898 1734 951 1765 ep.
968 1726 1074 1764 2002.)

657 1777 794 1810 25725.
813 1798 850 1803 -
870 1779 1033 1811 Bernardo
1050 1779 1087 1810 de
1103 1778 1251 1819 Garriqia
1270 1779 1380 1819 gratia
1404 1787 1498 1818 exsp.
1523 1778 1635 1810 benef.
1658 1780 1699 1817 (c.
1716 1787 1744 1810 c.
1762 1779 1822 1810 100
1839 1779 1892 1810 vel
1909 1788 1936 1810 s,
1961 1788 1989 1810 c.
2006 1780 2046 1811 40
2065 1779 2088 1810 1.
2107 1779 2159 1818 t.),
2185 1780 2228 1810 ad

613 1834 726 1866 collat.
740 1834 809 1874 ep.i
826 1835 859 1865 et
875 1833 976 1873 capit.
992 1833 1228 1872 Mirapiscen.;
1243 1841 1320 1864 cum
1336 1832 1543 1872 obligatione
1559 1832 1755 1863 dimittendi
1771 1833 1906 1872 paroch.
1923 1833 2004 1864 eccl.
2020 1833 2060 1863 de
2072 1833 2225 1873 Vodeyo,

613 1887 759 1919 Melden.
771 1888 830 1922 di.,
850 1887 879 1918 si
895 1887 1007 1918 benef.
1026 1896 1054 1918 c.
1070 1896 1099 1918 0.
1116 1886 1314 1918 obtinuerit.
1327 1904 1366 1909 —
1383 1886 1409 1917 1.
1427 1895 1456 1917 0.
1473 1895 1518 1916 m.
1535 1886 1662 1917 archid.
1678 1886 1857 1924 Meldensi,
1877 1888 1907 1917 et
1922 1886 2110 1918 Guillelmo
2125 1886 2225 1917 Alde-

612 1941 712 1978 berti,
730 1941 961 1978 Lemovicen.,
984 1940 1086 1980 Papae
1103 1949 1190 1980 cap.,
1209 1949 1246 1971 ac
1265 1940 1367 1971 Petro
1389 1940 1430 1971 de
1451 1939 1626 1979 Peyreria‚
1648 1940 1877 1971 Cenomanen.
1902 1948 1975 1971 can.
1997 1939 2077 1971 eccl.
2097 1940 2148 1979 (A.
2173 1941 2225 1977 25,

613 1995 636 2026 f.
653 1996 712 2026 223
728 1995 756 2030 b;
777 1995 812 2026 V.
831 1996 881 2030 81,
899 2003 952 2034 ep.
966 1995 1075 2033 2010.)

659 2046 794 2078 25726.
812 2066 851 2071 ——
871 2048 1003 2079 Ger-aldo
1019 2047 1056 2078 de
1072 2046 1218 2086 Clusello,
1235 2047 1358 2079 rectori
1376 2047 1457 2078 eccl.
1476 2047 1516 2078 (10
1541 2047 1704 2083 Parnaco,
1727 2047 1946 2078 Caturcensis
1974 2047 2033 2084 di.,
2060 2056 2155 2087 prov.
2173 2056 2226 2079 ca·

613 2111 692 2134 non.
710 2102 774 2133 suh
791 2111 887 2142 exsp.
918 2101 1021 2142 praeb.
1045 2101 1125 2133 0001.
1148 2101 1366 2132 Morinensis.
1396 2118 1434 2123 -
1450 2101 1478 2131 Ι.
1497 2109 1525 2132 e.
1547 2109 1594 2131 m.
1624 2109 1712 2140 ep.o,
1735 2102 1767 2132 et
1790 2101 1926 2140 Hugoni
1951 2101 1990 2131 de
2010 2101 2169 2132 Cornelio
2188 2109 2225 2132 30

612 2157 734 2188 Pontio
750 2156 935 2193 Molinerii,
953 2164 1025 2186 can.
1041 2156 1221 2187 Caturcen.
1234 2155 1315 2186 eccl.
1331 2154 1385 2195 (A.
1408 2156 1461 2191 25,
1478 2154 1501 2185 f.
1519 2156 1579 2185 228
1592 2160 1622 2189 ²;
1645 2154 1678 2184 V.
1697 2155 1749 2192 81,
1763 2163 1815 2194 ep.
1833 2154 1943 2194 2020.)

657 2207 797 2240 25727.
815 2227 852 2232 -
870 2208 1013 2240 Arnaldo
1029 2219 1099 2250 ep.0
1113 2208 1303 2239 Bononiensi
1319 2208 1441 2239 indult.
1458 2209 1496 2239 ut
1511 2218 1543 2239 ιν
1562 2216 1634 2247 03ρ.
1651 2217 1712 2239 seu
1726 2208 1807 2239 cler.
1828 2208 1882 2239 sui
1900 2208 2020 2245 famil„
2039 2208 2113 2247 ejus
2130 2207 2225 2239 obse-

613 2264 705 2304 quiis
723 2264 935 2298 insistentes,
954 2263 1082 2294 fructus
1097 2262 1209 2293 benef.
1227 2270 1369 2293 suorum
1385 2261 1515 2302 integre
1530 2262 1733 2301 percipiant,
1745 2261 1825 2293 licet
1838 2262 1875 2292 in
1890 2262 1941 2292 eis
1956 2270 2023 2293 non
2039 2261 2223 2292 resideant.

613 2336 651 2341 —
665 2318 691 2349 I.
709 2326 739 2349 0.
755 2326 801 2348 m.
819 2326 847 2348 s.
864 2316 1025 2357 Stephani
1038 2317 1070 2348 et
1085 2325 1113 2347 s.
1127 2316 1254 2347 Felicis
1267 2315 1455 2347 Bononien.
1471 2316 1617 2346 monast.
1635 2315 1830 2352 abbatibus,
1848 2324 1886 2346 ac
1897 2315 2045 2355 Guigoni
2058 2315 2099 2346 de
2110 2323 2138 2346 s.
2151 2315 2224 2346 Ger-

612 2380 726 2408 mano,
746 2371 874 2402 archid.
893 2371 1059 2402 Benacen.
1079 2370 1115 2400 in
1130 2369 1211 2401 eccl.
1234 2369 1415 2406 Ilerdensi,
1436 2369 1537 2409 Papae
1560 2369 1746 2409 capellano.
1770 2369 1824 2410 (A.
1847 2370 1899 2407 25,
1922 2369 1946 2400 f.
1977 2371 2037 2400 372
2051 2374 2079 2405 ·;
2111 2368 2144 2399 V.
2172 2369 2224 2406 81,

613 2434 666 2465 ep.
687 2424 795 2464 2347.)

658 2475 795 2508 25728.
814 2496 851 2502 -
872 2477 986 2509 Eidem
1007 2477 1179 2509 indultum
1195 2477 1359 2509 visitandi
1375 2477 1483 2508 semel
1507 2486 1569 2517 per
1584 2477 1690 2508 alium
1716 2477 1791 2508 loca
1805 2477 2059 2517 quamplurima
2078 2485 2148 2507 suae
2163 2475 2222 2513 di.,

612 2541 673 2573 per
684 2541 758 2573 quae
776 2533 915 2572 propter
936 2531 1083 2563 rebelles
1105 2531 1148 2563 R.
1174 2531 1212 2562 E.
1233 2531 1306 2562 1010
1321 2530 1470 2562 transire
1489 2539 1556 2562 non
1574 2530 1689 2567 audet,
1711 2531 1744 2562 et
1761 2530 2019 2570 procurationes
2037 2529 2224 2570 recipiendi

612 2587 648 2618 in
663 2586 808 2626 pecunia
820 2587 1010 2617 numerata.
1031 2603 1069 2609 ——-
1089 2585 1115 2616 I.
1133 2593 1164 2616 e.
1185 2594 1230 2617 m.
1248 2584 1432 2616 Ferrarien
1453 2586 1486 2616 et
1503 2585 1660 2616 Cervien.
1683 2585 1782 2624 epis,
1811 2593 1849 2615 ac
1865 2583 2014 2624 Guigoni
2037 2583 2078 2615 de
2097 2592 2125 2614 s.
2143 2583 2223 2614 Ger-

612 2649 714 2672 mano
727 2640 798 2680 Jam
817 2640 918 2671 dicto.
937 2639 988 2680 (A.
1005 2641 1055 2676 25,
1073 2639 1097 2669 f.
1115 2640 1174 2670 375
1190 2643 1220 2675 ³;
1242 2638 1280 2669 V.
1295 2639 1346 2675 81,
1362 2647 1415 2678 ep.
1434 2638 1540 2678 2348.)

658 2691 798 2724 25729.
815 2711 855 2716 -
870 2693 983 2724 Eidem
1003 2692 1149 2724 facultas
1165 2692 1324 2732 exigendi
1339 2692 1554 2723 moderatum
1577 2691 1771 2723 subsidium
1789 2700 1808 2722 a
1823 2700 1914 2731 pers.
1938 2690 2126 2722 ecclesiast.
2147 2697 2222 2720 sua-

614 2756 691 2779 rum
710 2747 803 2778 civit.
820 2748 854 2778 et
870 2747 929 2784 di.,
955 2755 1032 2778 cum
1052 2755 1113 2786 pro
1132 2746 1205 2777 suis
1225 2748 1258 2777 et
1282 2746 1364 2778 eccl.
1384 2754 1456 2777 suae
1482 2745 1630 2786 negotiis
1654 2745 1764 2776 multa
1783 2745 1898 2784 ipsum
1923 2743 2039 2775 subire
2069 2742 2222 2783 oporteat

613 2809 716 2833 onera
731 2809 971 2841 expensarum,
994 2809 1037 2831 ex
1061 2809 1100 2831 eo
1119 2800 1269 2832 maxime
1288 2799 1379 2839 quod
1394 2799 1485 2830 dicta
1502 2799 1582 2830 eccl.
1599 2807 1660 2839 per
1682 2798 1827 2829 hostiles
1844 2797 2041 2829 invasiones
2061 2797 2094 2827 et
2110 2796 2222 2827 inccn-

613 2855 669 2886 dia
684 2863 759 2895 quas
773 2854 980 2886 Passarinus
998 2854 1039 2885 de
1056 2854 1206 2889 Mantua,
1224 2854 1266 2885 R.
1285 2853 1325 2884 E.
1350 2852 1490 2884 rebellis
1504 2861 1541 2884 ac
1562 2853 1674 2884 fautor
1695 2852 1929 2883 haereticorum
1946 2849 2170 2882 Mediolanen.
2188 2849 2221 2880 et

614 2908 819 2943 Ferrarien.‚
839 2907 999 2943 exercuit,
1019 2908 1143 2938 damna
1159 2916 1225 2938 non
1243 2907 1377 2938 modica
1399 2906 1551 2938 noscitur
1567 2906 1762 2945 pertulisse.
1778 2922 1816 2926 —
1832 2905 1858 2935 I.
1878 2913 1906 2935 e.
1925 2913 1969 2935 m.
1987 2905 2025 2935 ut
2043 2912 2070 2934 s.
2094 2903 2148 2943 (A.
2167 2903 2218 2940 25,

614 2963 637 2993 f.
655 2962 716 2993 375
731 2967 762 2998 ὃς
785 2961 818 2991 V.
832 2963 883 2996 81,
901 2970 953 3000 ep.
970 2962 1075 2998 2349.)
