2540 3496
564 303 739 335 JOANNIS
762 303 880 335 PAPAE
903 301 1004 334 XXII.
1030 304 1278 341 (1316-1334).
1302 319 1340 324 -—
1363 301 1549 332 LITTERAE
1572 299 1798 332 COMMUNES
2139 300 2200 331 229

196 398 300 426 nutum
318 390 503 426 Avenione.
562 411 565 426 ι

309 463 390 470 ...—

233 604 272 633 20
282 604 351 639 jun.
371 604 461 632 1326.

241 653 297 686 (¹11
311 650 372 677 kal.
387 649 457 686 jul.)

236 694 284 722 vT.
305 694 351 727 XI,
371 694 444 722 XIII.

308 819 344 847 Ut
363 827 387 847 s.

254 864 285 891 Τ.
303 863 349 898 XI,
366 863 438 891 XIII.

305 1087 341 1114 Ut
355 1095 378 1114 s.

254 1131 285 1158 T.
302 1131 348 1165 XI,
362 1131 434 1158 XIII.

303 1299 340 1327 Ut
357 1307 381 1327 s.

263 1345 294 1372 T.
316 1345 350 1380 X,
368 1344 427 1372 XII.

301 1515 338 1543 Ut
356 1523 380 1544 s.

243 1559 274 1588 Τ.
294 1560 353 1594 XII,
373 1560 443 1588 XIV.

299 1890 336 1918 Ut
359 1899 383 1919 s.

222 2050 260 2078 2¹
274 2050 343 2085 jim.
361 2050 452 2080 1326.

237 2096 282 2131 (11
297 2095 358 2123 kal.
371 2095 441 2132 jul.)

265 2140 297 2168 T.
313 2140 407 2168 XXIV.

298 2427 334 2455 Ut
354 2436 379 2455 s,

268 2471 299 2500 T.
314 2472 411 2500 XXVI.

299 2640 340 2669 Ut.
355 2649 380 2670 s.

192 2684 224 2713 T.
240 2684 275 2712 xl
293 2686 342 2719 ¹l2‚
357 2686 417 2715 XIII
429 2686 482 2717 *h-

300 2961 338 2990 Ut
358 2970 382 2989 s.

246 3006 276 3033 T.
295 3006 341 3040 XI,
355 3006 426 3033 XIII.

591 499 695 530 Plaza
712 499 752 530 de
770 499 926 530 Arimino
942 499 983 530 de
1001 499 1088 530 facto
1104 498 1330 530 detentorum.
1353 515 1391 520 —
1406 497 1432 528 Ι.
1451 505 1480 528 e.
1503 505 1548 528 m.
1564 504 1640 536 ep.o
1657 495 1847 530 Parmensi,
1867 496 1898 526 et
1914 495 2041 526 archid.
2062 496 2199 535 Regin..

592 561 630 583 ac
646 552 770 584 Bosolo
782 552 822 583 de
838 553 974 589 Parma,
989 552 1091 592 Papae
1108 561 1194 592 cap.‚
1214 560 1286 582 can.
1306 550 1493 582 Tornacen.
1510 550 1591 581 eccl.
1610 550 1662 588 (A.
1676 550 1726 585 25,
1739 548 1762 580 f.
1778 548 1876 586 118125
1900 548 1933 581 V.
1950 551 2002 586 81,
2019 558 2071 589 ep.
2093 551 2197 591 1843.)

636 603 775 635 25700.
800 624 837 628 -
867 604 1031 637 Guillelmo
1057 610 1130 635 nato
1153 604 1346 635 Lambertini
1367 603 1404 635 de
1430 603 1556 634 Perdice
1572 603 1723 642 provisio
1747 611 1866 634 canon.
1894 603 1958 634 sub
1973 611 2069 644 exsp.
2091 605 2195 644 praeb.

591 659 672 691 eccl.
700 659 939 690 Bononiensis.
955 675 993 680 —
1009 659 1036 690 I.
1054 667 1084 690 e.
1103 667 1147 690 m.
1174 666 1278 698 praep.
1294 657 1488 697 baptisterii
1515 666 1542 687 s.
1559 657 1703 688 Joannis
1718 656 1927 696 Parmensis,
1944 659 1977 688 et
1994 658 2138 699 archipr.
2155 660 2196 691 de

591 712 770 749 Colliculo,
788 712 945 743 Parmen.
963 712 1023 746 di.,
1041 720 1078 742 ac
1094 712 1218 743 Bosolo
1234 711 1274 742 de
1287 711 1424 746 Parma,
1439 719 1512 741 can.
1528 710 1754 741 Tornacensis
1771 710 1865 747 eccl„
1876 710 1977 751 Papae
1989 720 2063 752 cap.
2078 713 2130 752 (A.
2146 714 2197 749 25,

592 766 615 796 f.
633 767 691 797 150
708 765 740 802 b;
764 765 800 797 V.
814 766 865 804 81,
882 774 934 805 ep.
952 766 1056 803 1854.)

636 816 774 849 25701.
795 837 834 841 -
855 817 1002 855 Petro'de
1027 817 1162 849 Clusello
1184 826 1282 858 prov.
1300 826 1418 848 canon.
1443 816 1506 847 suh
1529 825 1626 856 exsp.
1648 816 1751 856 praeb.
1777 817 1859 849 eccl.
1883 818 2093 851 Turonensis
2101 829 2111 857 3
2129 829 2197 852 non

591 872 678 903 obst.
695 873 730 903 in
754 872 868 903 saecul.
888 872 928 903 de
945 872 1065 903 Castro
1087 872 1273 903 Bituricen.
1292 879 1369 902 cum
1392 870 1505 901 officio
1529 870 1700 905 cantoriae,
1722 872 1754 902 et
1782 871 1817 902 in
1833 871 1871 902 B.
1891 871 1934 902 M.
1952 873 2056 904 Novae
2081 874 2121 905 de
2137 875 2198 906 Ca-

590 926 691 965 pella,
716 925 971 956 Lemovicensis
989 925 1049 962 di.,
1078 924 1174 961 eccl„
1199 932 1318 955 canon.
1336 923 1400 954 sub
1427 932 1523 962 exsp.
1539 923 1641 962 praeb.
1662 942 1699 947 —
1724 924 1750 955 I.
1769 933 1798 955 e.
1815 933 1861 955 m.
1881 925 2050 966 archiep.o
2073 927 2197 959 Bituri-

590 979 696 1016 censi‚
719 980 752 1010 et
774 979 901 1010 decano
926 979 967 1009 de
990 979 1110 1010 Castro
1131 977 1332 1014 Bituricen.‚
1358 985 1396 1007 ac
1420 977 1590 1008 Ademaro
1611 976 1765 1015 Roberti,
1789 986 1860 1009 can.
1882 979 2094 1012 Turonensis
2114 982 2195 1013 eccl.

591 1031 642 1072 (A.
656 1033 707 1069 25,
719 1032 740 1062 f.
761 1033 819 1064 162
836 1031 865 1068 ¹³;
889 1032 925 1063 V.
943 1033 995 1070 81,
1011 1040 1064 1071 ep.
1082 1031 1188 1070 1869.)

634 1082 771 1115 25702.
790 1102 828 1108 ——
846 1084 937 1115 Petro
952 1084 1111 1116 Rainaudi
1127 1083 1254 1115 similis
1270 1083 1379 1123 gratia
1392 1083 1427 1114 in
1444 1083 1588 1114 ecclesia
1604 1083 1645 1114 de
1660 1084 1779 1115 Castro
1801 1085 2004 1123 Bituricen.;
2023 1096 2090 1119 non
2105 1088 2193 1120 obst.

587 1138 622 1169 in
637 1139 709 1170 ead.
729 1139 810 1170 eccl.
830 1138 978 1179 quadam
993 1138 1122 1169 vicaria
1136 1146 1195 1169 seu
1213 1136 1494 1176 semipraebenda,
1503 1138 1537 1167 et
1552 1136 1633 1168 eccl.
1649 1146 1677 1167 c.
1696 1146 1723 1168 c.
1740 1137 1781 1169 de
1798 1137 1988 1177 Bivonolio,
2007 1141 2191 1174 Bituricen.

586 1192 633 1223 di.
651 1210 690 1214 —
703 1192 730 1224 Ι.
756 1200 785 1223 e.
806 1201 850 1223 m.
872 1201 900 1222 s.
916 1191 1092 1224 Ambrosii
1115 1193 1148 1223 et
1170 1199 1198 1222 s.
1217 1190 1359 1230 Sulpitii
1381 1190 1566 1221 Bituricen.
1588 1192 1734 1222 monast.
1750 1190 1840 1229 abb„
1857 1201 1894 1223 ac
1911 1193 2051 1225 officiali
2071 1195 2195 1227 Bituri-

587 1245 692 1276 censi.
711 1246 765 1284 (A.
787 1247 838 1283 25,
855 1245 878 1277 f.
897 1246 956 1277 162
973 1245 1003 1281 b,
1029 1245 1065 1277 V.
1082 1245 1133 1282 81,
1155 1253 1208 1284 ep.
1224 1243 1331 1284 1870.)

631 1296 770 1329 25703.
791 1316 829 1322 -
846 1298 1010 1330 Ber-nardo
1026 1297 1197 1330 Bertrandi
1214 1297 1350 1329 collatio
1363 1297 1500 1337 paroch.
1517 1297 1599 1328 eccl.
1617 1297 1658 1328 de
1676 1297 1892 1334 Merindolio,
1913 1300 2117 1333 cavallicen.
2136 1304 2196 1341 di.,

586 1353 638 1393 (16
652 1353 676 1383 l.
693 1353 745 1392 t.),
762 1354 839 1384 ante
857 1352 989 1384 obitum
1003 1351 1184 1384 Bertrandi
1196 1351 1334 1391 Orgolei
1349 1360 1409 1391 per
1422 1351 1462 1381 P.
1479 1351 1517 1382 P.
1531 1351 1689 1390 disposit.
1708 1360 1779 1388 suae
1791 1355 1983 1385 reservatae.
2002 1373 2039 1378 -
2057 1356 2083 1387 Ι.
2101 1365 2130 1388 e.
2149 1366 2195 1389 m.

586 1406 714 1438 archid.
730 1406 901 1447 Figiacen.
919 1406 1112 1443 Caturcen.,
1130 1405 1163 1437 et
1181 1405 1284 1437 Petro
1297 1405 1338 1436 de
1351 1405 1527 1443 Meunaoo‚
1544 1405 1652 1444 ejusd.
1665 1404 1856 1444 caturam„
1874 1415 1912 1438 ac
1927 1408 2115 1442 Bertrando
2134 1411 2197 1443 Mi-

586 1460 687 1498 lonis,
703 1460 981 1500 Carpentoraten.
1005 1468 1080 1491 can.
1099 1458 1180 1490 eccl.
1199 1457 1253 1498 (A.
1272 1459 1323 1495 25,
1338 1457 1360 1488 f.
1381 1459 1438 1489 163
1454 1457 1485 1494 Μ
1510 1457 1546 1488 V.
1565 1459 1617 1494 81,
1636 1467 1690 1498 ep.
1707 1459 1816 1499 1888.)

631 1510 768 1544 25704.
785 1531 824 1537 -
840 1513 960 1545 Joanni
977 1512 1104 1544 Ger-aldi
1128 1512 1165 1542 de
1189 1511 1324 1542 Taverne
1348 1510 1384 1541 de
1407 1510 1565 1548 Numalia,
1591 1511 1671 1543 cler.
1695 1512 1856 1544 Leodien.
1881 1514 1944 1551 di.,
1968 1516 2078 1555 gratia
2100 1525 2197 1558 exsp.

584 1567 696 1599 benef.
717 1568 830 1599 saecul.
850 1567 892 1607 (c.
911 1576 938 1598 c.
953 1567 995 1598 80
1010 1567 1063 1598 vel
1082 1575 1110 1597 s.
1130 1575 1157 1596 c.
1173 1566 1214 1597 40
1232 1565 1254 1596 l.
1274 1565 1312 1605 t.)
1332 1565 1365 1595 in
1386 1565 1478 1596 civit.
1498 1565 1549 1596 vel
1573 1565 1618 1596 di.
1639 1566 1814 1603 Leodien„
1835 1568 1958 1607 pertin.
1977 1569 2019 1600 ad
2044 1570 2197 1603 collatio-

584 1629 662 1652 nem
682 1620 816 1653 abbatis
834 1623 867 1652 et
892 1629 988 1652 conv.
1007 1622 1154 1651 monast.
1179 1618 1408 1653 stabulensis,
1434 1619 1474 1650 Ο.
1498 1619 1531 1650 S.
1552 1619 1602 1655 B.‚
1630 1619 1727 1650 dictae
1747 1620 1812 1656 di.;
1841 1629 1908 1652 non
1935 1621 2021 1654 obst.
2043 1625 2134 1664 quod
2155 1625 2196 1658 de

583 1675 695 1706 benef.
716 1684 743 1706 c.
770 1684 797 1706 c.
822 1675 878 1707 vel
898 1683 927 1705 s.
948 1683 976 1706 o.
998 1674 1040 1706 ad
1057 1673 1173 1705 collat.
1190 1672 1324 1704 abbatis
1345 1673 1459 1703 saecul.
1485 1673 1637 1704 ecclesiae
1653 1673 1690 1704 B.
1711 1674 1756 1704 M.
1780 1674 1990 1714 Dyonensis,
2017 1677 2114 1710 dictae
2134 1679 2196 1717 di.,

583 1729 744 1769 provisus
761 1729 805 1760 sit
815 1738 824 1766 ;
851 1737 926 1769 quae
942 1728 1080 1769 quidem
1097 1727 1222 1764 benef„
1241 1727 1270 1757 si
1287 1735 1323 1758 se
1336 1726 1585 1766 compatiantur
1603 1727 1762 1764 invicem,
1773 1728 1916 1768 recipiat
1935 1731 1967 1760 et
1985 1731 2141 1763 retineat.
2159 1751 2197 1756 —

584 1784 610 1814 Ι.
631 1792 660 1814 e.
679 1791 724 1814 m.
742 1782 818 1814 abb.
838 1783 984 1814 monast.
1000 1790 1028 1813 s.
1047 1781 1178 1818 Jacobi,
1197 1782 1230 1812 et
1245 1780 1370 1812 decano
1388 1789 1415 1811 S.
1434 1781 1554 1811 Crucis
1573 1780 1747 1816 Leodien.‚
1762 1790 1800 1812 ac
1819 1791 1906 1822 mag.
1926 1784 2052 1816 Jacobo
2067 1786 2108 1817 de
2124 1786 2198 1819 Mu-

583 1836 666 1873 tina,
686 1837 786 1876 Papae
808 1840 895 1876 cap.‚
912 1845 986 1867 can.
1005 1835 1221 1867 Cameracen.
1240 1834 1320 1866 eccl.
1339 1834 1391 1873 (A.
1409 1835 1460 1870 25,
1481 1834 1503 1865 f.
1524 1835 1583 1866 213
1602 1839 1633 1871 ⁸;
1656 1834 1689 1865 V.
1704 1835 1754 1872 81,
1774 1844 1827 1875 ep.
1850 1837 1957 1876 1979.)

630 1887 769 1920 25705.
789 1907 828 1912 -
842 1890 931 1920 Lucae
950 1889 984 1920 S.
1011 1889 1053 1920 M.
1071 1890 1105 1919 in
1127 1888 1185 1920 Via
1210 1888 1275 1918 lata
1301 1887 1382 1919 diac.
1400 1887 1485 1919 card.
1515 1888 1629 1919 mand.
1654 1889 1692 1919 ut
1711 1897 1730 1919 a
1755 1897 1842 1929 mag.
1870 1890 2001 1922 Joanne
2023 1893 2194 1932 quondam

584 1943 746 1983 Stephani
761 1944 801 1975 de
823 1944 943 1975 Alzate
959 1943 1102 1983 recipiat
1120 1942 1385 1982 resignationem
1407 1950 1525 1972 canon.
1544 1943 1576 1972 et
1598 1941 1702 1981 praeb.
1721 1943 1800 1974 eccl.
1826 1951 1854 1974 s.
1874 1944 2071 1984 Euphemiae
2086 1946 2127 1978 de
2142 1947 2197 1978 In—

585 1998 673 2036 sula,
691 1999 853 2030 Cumanae
871 1998 917 2028 di.
933 1997 990 2036 (V.
1009 1997 1061 2035 81,
1080 2005 1132 2036 ep.
1151 1997 1258 2035 2041.)

629 2048 768 2081 25706.
783 2069 822 2075 -
839 2049 981 2082 Arnaldo
1000 2050 1037 2081 de
1052 2050 1176 2087 Romo,
1192 2060 1261 2080 can.
1279 2049 1474 2080 Xanceonen.
1499 2049 1586 2087 eccl.,
1607 2049 1781 2081 collectori
1798 2051 2008 2084 decimarum
2034 2053 2069 2084 in
2091 2055 2197 2094 parti-

583 2105 648 2136 bus
664 2105 878 2136 Lombardiae
894 2113 953 2145 per
968 2105 1002 2137 S.
1017 2105 1057 2135 A.
1075 2104 1247 2144 deputato,
1264 2103 1379 2134 mand.
1396 2105 1433 2134 ut
1449 2103 1489 2134 de
1506 2104 1625 2134 caetero
1644 2112 1711 2134 non
1725 2104 1884 2136 molestet
1900 2105 2029 2137 clerum
2043 2107 2194 2140 civitatis

583 2160 616 2190 et
629 2159 675 2190 di.
702 2159 860 2190 Parmen.
882 2167 986 2198 super
1003 2159 1083 2190 1200
1103 2158 1176 2189 flor.
1202 2158 1276 2188 auri
1296 2159 1436 2197 propter
1461 2156 1598 2188 residua
1623 2158 1820 2188 sexennalis
1847 2160 1880 2189 et
1902 2159 2084 2192 triennalis
2105 2161 2194 2194 deci-

583 2221 715 2244 marum
733 2221 792 2253 per
809 2213 842 2244 S.
862 2214 903 2244 A.
922 2212 1171 2252 impositarum,
1188 2220 1264 2243 cum
1283 2211 1328 2241 sit
1353 2210 1521 2241 incendiis
1543 2211 1575 2241 et
1595 2210 1701 2241 variis
1721 2211 1799 2242 aliis
1819 2211 1996 2244 laboribus
2012 2215 2045 2245 et
2065 2223 2192 2255 expen-

583 2266 632 2298 sis
648 2266 807 2304 attritus;
826 2275 913 2306 quos
931 2266 1069 2306 quidem
1086 2265 1243 2300 florenos,
1260 2264 1400 2296 attentis
1416 2263 1579 2303 expensis
1595 2263 1760 2295 faciendis
1773 2264 1816 2296 ab
1828 2266 2001 2306 Hugolino
2017 2277 2093 2308 ep.o
2111 2269 2194 2300 Par-

582 2320 693 2352 mensi
708 2321 848 2360 propter
862 2320 1014 2351 favorem
1028 2321 1062 2351 et
1077 2319 1310 2350 defensionem
1324 2318 1378 2349 sui
1395 2319 1427 2349 et
1441 2318 1522 2349 eccl.
1537 2326 1607 2349 suae
1621 2326 1658 2349 ac
1669 2318 1870 2350 devotorum
1886 2320 1928 2352 R.
1946 2320 1999 2356 E.‚
2017 2321 2110 2362 Papa
2123 2322 2192 2363 ipsi

582 2374 616 2405 in
634 2373 832 2414 hujusmodi
851 2381 992 2405 onerum
1007 2373 1252 2405 relevationem
1269 2371 1434 2403 concedit.
1454 2371 1507 2411 (A.
1524 2372 1577 2408 25,
1592 2371 1616 2402 f.
1634 2373 1693 2403 150
1706 2377 1737 2408 ³3
1763 2372 1799 2403 V.
1814 2373 1867 2410 81,
1886 2382 1939 2413 ep.
1958 2375 2065 2415 1839.)

627 2424 764 2457 25707.
783 2445 821 2451 —
834 2426 995 2458 Andriolae
1014 2426 1051 2458 de
1066 2426 1188 2465 Rubeis,
1209 2425 1350 2457 moniali
1371 2426 1518 2457 monast.
1538 2425 1740 2457 monialium
1759 2434 1821 2458 seu
1845 2435 2002 2459 sororum
2027 2437 2055 2459 s.
2076 2429 2194 2461 Domi-

581 2481 649 2513 nici
663 2481 862 2513 Parmensis
875 2480 1061 2512 secundum
1080 2480 1152 2511 ord.
1172 2481 1204 2511 et
1227 2479 1291 2510 snb
1307 2487 1388 2510 cura
1404 2479 1443 2511 Ο.
1462 2479 1502 2510 F.
1523 2479 1562 2510 P.
1579 2479 1780 2517 viventium,
1796 2479 1918 2512 induit.
1937 2482 1973 2512 ut
1992 2481 2028 2512 in
2043 2482 2192 2515 abbatis-

581 2543 655 2567 sam
674 2535 918 2575 quuscumque
939 2534 1139 2565 monasterii
1157 2532 1400 2565 Cisterciensis
1419 2532 1471 2564 vel
1493 2533 1525 2564 S.
1553 2533 1727 2564 Benedicti
1749 2533 1819 2565 ord.
1848 2533 1954 2566 libere
1978 2535 2089 2575 possit
2108 2537 2189 2577 eligi

581 2590 614 2621 et
633 2589 774 2620 assumi.
793 2588 845 2628 (A.
862 2589 912 2626 25,
931 2588 955 2619 f.
974 2589 1033 2620 150
1050 2593 1079 2623 ³3
1103 2587 1136 2617 V.
1158 2588 1211 2625 81,
1227 2596 1280 2627 ep.
1300 2587 1406 2625 1840.)

626 2639 764 2672 25708.
785 2659 823 2664 -
846 2641 1044 2673 Ber-nardino
1074 2641 1111 2672 de
1133 2640 1255 2678 Rubeis,
1281 2649 1354 2672 can.
1381 2640 1462 2672 eccl.
1493 2640 1638 2677 Pisanae,
1658 2640 1794 2672 collatio
1815 2641 1987 2680 prioratus
2013 2643 2188 2675 saecularis

580 2695 661 2727 eccl.
680 2704 707 2727 s.
727 2696 845 2727 Crucis
867 2695 1036 2727 Paduanae
1051 2695 1202 2726 vacantis
1218 2703 1279 2734 per
1303 2693 1435 2725 obitum
1451 2695 1540 2733 apud
1556 2693 1589 2725 S.
1608 2695 1649 2724 A.
1676 2693 1770 2725 Petri
1787 2694 1820 2725 S.
1839 2695 1961 2735 Angeli
1979 2695 2063 2727 diac.
2082 2697 2184 2733 card,

580 2749 678 2789 cujus
694 2749 805 2781 benef.
821 2749 915 2789 Papa
925 2749 1083 2788 disposit.
1102 2757 1171 2780 suae
1187 2749 1442 2785 reservaverat;
1460 2756 1536 2778 cum
1551 2747 1757 2787 obligatione
1773 2747 1967 2779 dimittendi
1978 2749 2187 2790 archipresb.

580 2802 691 2842 plebis
709 2811 737 2833 s.
756 2803 895 2835 Genesii
914 2802 1124 2834 Parmensis.
1143 2820 1182 2825 —
1200 2802 1227 2833 I.
1247 2810 1276 2833 e.
1302 2810 1347 2832 m.
1365 2810 1470 2841 praep.
1494 2800 1688 2840 baptisterii
1707 2810 1735 2832 s.
1759 2801 1902 2832 Joannis
1925 2802 2135 2842 Parmensis,
2154 2805 2187 2835 et

581 2856 725 2895 archipr.
742 2856 782 2887 de
796 2856 962 2888 Colliculo
977 2856 1135 2887 Parmen.
1153 2856 1213 2893 di.,
1232 2864 1270 2886 ac
1294 2855 1418 2887 Bosolo
1443 2854 1483 2886 de
1507 2854 1641 2891 Parma,
1669 2854 1770 2893 Papae
1793 2863 1878 2894 cap.‚
1897 2864 1970 2886 can.
1998 2856 2185 2888 Tornacen.

581 2909 661 2941 eccl.
679 2909 732 2950 (A.
751 2911 801 2947 25,
821 2909 844 2941 f.
861 2911 920 2941 152
935 2915 964 2947 ⁸3
987 2909 1020 2940 V.
1036 2911 1087 2946 81,
1103 2918 1154 2949 ep.
1174 2909 1280 2947 1856.)

625 2959 761 2992 25709.
780 2980 819 2986 -
833 2963 971 2994 Antonio
992 2962 1028 2994 de
1043 2963 1142 3003 Lupis
1160 2962 1297 2993 collatio
1322 2961 1528 3001 archipresb.
1550 2961 1660 3000 plebis
1678 2962 1718 2992 de
1735 2962 1914 2999 Sarmatia,
1940 2962 2108 2995 Paduanae
2122 2964 2183 3002 di.,

582 3017 618 3046 ut
634 3024 661 3046 s.
679 3025 750 3047 vac.
768 3034 805 3039 -
821 3017 847 3047 I.
866 3025 895 3048 e.
909 3025 955 3047 m.
973 3019 1009 3048 ut
1025 3025 1053 3047 s.
1069 3017 1122 3056 (A.
1141 3017 1192 3053 25,
1215 3016 1237 3046 f.
1261 3017 1320 3045 152
1336 3015 1364 3051 b,
1386 3015 1419 3046 V.
1436 3016 1487 3052 81,
1505 3023 1558 3054 ep.
1578 3015 1683 3053 1857.)
