2540 3496
241 463 344 491 Datum
376 455 560 491 Avenione.

243 673 258 699 Ι
275 671 360 708 (kal.)
378 679 445 706 any.
466 670 555 699 1327.

307 717 339 745 T.
354 715 400 750 XI,
416 716 489 744 XIII.

363 885 398 913 Ut
413 894 437 912 s.

344 930 375 957 T.
393 930 448 957 XX.

359 1153 395 1180 Ut
411 1161 435 1180 s.

267 1197 300 1225 T.
319 1197 401 1230 XXX,
421 1197 530 1225 XXXII.

356 1366 392 1394 Ut
413 1375 436 1396 S.

355 1686 392 1714 Ut
406 1694 429 1714 s.

332 1731 362 1758 T.
382 1731 462 1759 XXX.

359 1900 392 1927 Ut
410 1909 434 1928 s.

331 1944 363 1972 T.
385 1944 464 1972 XXX.

355 2061 389 2088 Ut
410 2070 434 2089 s.

328 2106 360 2133 T.
382 2106 462 2133 XXX.

354 2167 391 2195 Ut
411 2176 437 2196 s.

330 2213 361 2240 Τ.
383 2213 464 2241 XXX.

354 2328 390 2356 Ut
408 2337 432 2356 s.

338 2373 370 2400 T.
390 2373 447 2401 XX.

352 2435 389 2464 ut
406 2444 430 2464 s.

316 2480 347 2509 T.
370 2481 467 2509 XXVI.

355 2542 392 2570 Ut
407 2551 430 2570 a.

335 2586 367 2615 Τ.
388 2587 445 2615 XX.

353 2649 389 2677 Ut
410 2658 434 2678 s.

326 2694 358 2722 T.
374 2695 456 2724 XXX.

353 2811 388 2839 Ut
408 2820 433 2840 s.

322 2855 353 2883 T.
376 2857 456 2886 XXX.

347 2917 383 2945 Ut
403 2926 427 2947 ε.

339 2962 370 2991 T.
389 2964 444 2990 XI..

613 369 788 401 JOANNIS
812 369 931 400 PAPAE
953 370 1055 401 XXII.
1079 370 1326 411 (1316-1334).
1350 391 1387 395 --
1410 372 1597 403 LITTERAE
1620 371 1846 403 COMMUNES
2187 375 2247 405 599

643 569 726 592 cano
742 561 985 602 Engolismem,
1006 561 1106 600 atque
1129 561 1257 593 archid.
1281 562 1320 592 de
1342 562 1515 600 Ardenna,
1537 563 1695 595 Leodien.
1716 564 1797 595 eccl.
1828 564 1880 605 (A.
1903 566 1954 602 28,
1978 564 2001 596 f.
2019 565 2078 595 109
2093 570 2122 604 ³;
2146 564 2178 597 V.
2194 567 2246 603 84,

643 624 695 655 ep.
714 616 821 653 2540.)

687 665 824 697 29393.
844 685 881 690 -
898 667 1044 705 Andreae,
1062 673 1136 698 nato
1154 667 1254 698 Ulrici
1268 668 1344 698 dicti
1366 668 1482 709 Μοῖραν
1503 669 1539 699 de
1558 669 1740 710 Heqlinqen,
1759 670 1895 703 collatio
1917 680 2036 703 canon.
2059 672 2122 703 sub
2149 681 2246 713 exsp.

643 722 745 762 praeb.
764 721 845 753 eccl.
863 721 1098 762 Zovingensis.
1113 739 1151 744 —
1169 722 1195 752 Ι.
1216 730 1244 752 e.
1267 730 1312 752 m.
1340 721 1453 753 abbati
1471 724 1616 754 monast.
1637 723 1671 754 in
1697 723 1806 761 Mure,
1830 726 1862 756 et
1884 725 2032 757 thesaur.
2053 725 2247 764 Thuricen.‚

642 775 877 807 Constantien.
893 775 955 812 di.,
983 783 1021 805 ac
1046 783 1135 815 mag.
1159 774 1343 806 Ambrosio
1369 775 1410 807 de
1438 775 1641 814 Mediolano,
1671 785 1743 808 can.
1765 777 1992 809 Mediolanen.
2016 779 2096 810 eccl.
2122 779 2180 819 (A.
2195 780 2246 818 28,

642 829 740 860 f.10¹
758 834 787 864 ·;
811 828 844 859 V.
861 829 912 864 8⁴,
929 837 983 869 ep.
1001 830 1107 867 254⁴.)

688 879 824 912 29394.
840 900 878 904 -
891 882 1007 913 Abbati
1021 882 1053 912 in
1068 882 1169 919 Mure,
1185 892 1220 912 ac
1239 891 1340 923 praep.
1360 881 1539 914 Cistercien.
1553 892 1610 923 per
1627 893 1726 924 praep.
1747 883 1832 914 soliti
1846 884 1918 924 qub.
1931 886 2195 922 monasteriorum,
2212 896 2248 916 ac

640 934 774 976 plebano
795 935 894 976 plebis
910 946 948 968 ss,
967 935 1081 966 Felicis
1098 941 1125 966 et
1147 935 1272 976 Requlae
1285 936 1413 976 majoris
1428 935 1539 977 oppidi
1556 936 1733 973 Tlmricen„
1753 936 1965 968 Constaneien.
1981 937 2037 974 di.,
2055 939 2167 970 mand.
2186 948 2246 979 pro

642 989 834 1029 receptione
850 989 1060 1029 Margaretae,
1077 991 1164 1020 natae
1176 989 1283 1021 Ulrici
1293 989 1334 1020 de
1349 989 1478 1029 Meiger
1487 989 1527 1021 de
1542 990 1758 1030 Heglingen.‚
1773 990 2058 1030 puellaelitteratae
2074 991 2172 1024 dictae
2186 993 2245 1030 di.,

641 1043 677 1074 in
694 1043 894 1075 monacham
910 1044 1055 1074 monast.
1071 1042 1106 1074 in
1119 1042 1325 1081 FrowentaI,
1343 1043 1542 1075 cistercien.
1560 1044 1645 1080 ord.‚
1665 1044 1774 1084 ejusd.
1787 1044 1833 1075 di.
1850 1045 1904 1084 (A.
1917 1045 1970 1083 28,
1985 1044 2007 1076 f.
2027 1046 2080 1074 111
2096 1050 2127 1081 ¹3
2150 1045 2184 1075 V.
2196 1047 2248 1083 84,

641 1104 693 1136 ep.
713 1097 820 1136 2551.)

686 1147 825 1180 29395.
843 1168 882 1174 -
897 1149 1034 1188 Mathiae,
1053 1150 1215 1192 archiep«)
1232 1150 1423 1190 Maquntin„
1440 1150 1583 1182 facultas
1599 1151 1755 1191 exigendi
1784 1152 1997 1183 moderatum
2022 1151 2214 1184 subsidium
2230 1161 2249 1183 a

641 1204 861 1236 monasteriis
876 1206 909 1236 et
926 1204 1085 1245 personis
1101 1204 1270 1244 exemptis
1295 1212 1435 1235 suarum
1461 1204 1610 1236 civitatis
1626 1206 1659 1236 et
1674 1205 1720 1236 di.
1740 1223 1777 1227 --
1792 1205 1820 1236 I.
1848 1214 1877 1236 e.
1901 1214 1946 1236 m.
1966 1214 1999 1241 s.⁴
2010 1205 2136 1237 Albani
2152 1207 2249 1238 extra

641 1267 758 1289 muros
775 1257 964 1298 Maguntin.
979 1258 1056 1298 etjin
1072 1258 1277 1298 Selgenstat‚
1293 1257 1480 1298 Maguntin.
1497 1257 1556 1295 di.,
1570 1258 1856 1290 monasteriorum
1871 1257 2063 1296 abbatibus,
2076 1268 2114 1291 ac
2125 1260 2248 1291 decano

640 1311 722 1343 eccl.
739 1312 926 1351 Maguntin.
943 1311 996 1352 (A.
1011 1313 1063 1349 28,
1083 1311 1106 1343 f.
1127 1313 1186 1343 138
1202 1316 1233 1350 ⁸5
1258 1311 1292 1342 V.
1310 1313 1361 1349 84,
1378 1320 1430 1351 ep.
1449 1311 1557 1352 2586.)

686 1362 823 1395 29396.
840 1382 878 1387 -
892 1365 1063 1406 Rapollan.
1082 1369 1111 1395 et
1126 1364 1347 1396 Montisviridis
1363 1365 1515 1406 episcopis
1533 1365 1645 1396 mand.
1666 1366 1703 1397 ut
1717 1367 1896 1397 amoveant
1911 1367 2127 1406 sequestrum
2143 1366 2185 1398 ab
2198 1367 2248 1399 eis

640 1418 681 1450 de
701 1419 816 1450 mand.
832 1419 940 1459 apost.
961 1419 1086 1450 factum
1102 1418 1143 1450 de
1160 1418 1327 1450 fructibus
1343 1418 1519 1459 cujusdam
1536 1419 1713 1450 tenimenti
1731 1428 1791 1450 seu
1806 1419 2065 1459 possessionum
2081 1421 2248 1452 terrarum

642 1472 732 1512 quod
747 1481 808 1503 seu
822 1481 908 1512 quas
922 1472 1048 1512 quond.
1064 1480 1151 1512 mag.
1168 1471 1332 1504 Nicolaus
1346 1471 1555 1512 Campellen.
1565 1472 1607 1504 de
1618 1473 1758 1509 Fractis,
1768 1481 1841 1504 can.
1858 1472 2020 1512 Melfien.‚
2034 1473 2135 1514 Papae
2145 1474 2247 1514 scrip-

640 1526 705 1562 tor,
717 1525 758 1556 ad
775 1525 992 1565 praebendam
1008 1534 1118 1561 suam,
1135 1524 1190 1556 bo.
1208 1533 1274 1556 me.
1289 1534 1369 1556 vero
1383 1525 1640 1562 Constantinus,
1653 1525 1802 1557 Melfien.
1816 1534 1926 1565 ep.us,
1945 1526 1987 1557 ad
2001 1527 2082 1558 eccl.
2098 1527 2245 1560 Melfien.

639 1579 792 1619 legitime
809 1580 964 1618 spectare
983 1578 1191 1616 asserebant,
1208 1580 1241 1610 et
1259 1579 1294 1609 in
1309 1578 1420 1618 ipsius
1438 1579 1616 1610 tenimenti
1636 1579 1854 1619 possessione
1870 1579 2079 1619 Monaldum,
2099 1580 2245 1613 Melfien.

639 1641 766 1672 epum,
784 1632 981 1664 immittant.
1001 1632 1054 1671 (A.
1069 1633 1119 1670 28,
1140 1632 1162 1663 f.
1183 1634 1242 1664 150
1257 1637 1290 1669 ⁸3
1316 1631 1353 1662 V.
1370 1633 1423 1669 84,
1440 1640 1493 1671 ep.
1510 1633 1616 1670 2618.)

685 1682 822 1715 29397.
842 1703 878 1707 -
893 1685 934 1716 Ν.
955 1696 984 1716 υ.
1002 1685 1164 1727 Philippo,
1186 1685 1291 1716 comiti
1312 1685 1438 1723 Valesii,
1467 1691 1495 1715 ee
1523 1695 1555 1715 η.
1573 1695 1614 1716 m.
1632 1685 1764 1716 Jocmnae
1783 1685 1820 1716 de
1844 1685 2042 1726 Buryundia,
2061 1687 2128 1727 ejus
2143 1688 2247 1726 uxori,

640 1739 809 1770 indultum
828 1741 865 1771 ut
883 1738 1051 1780 capellani
1066 1747 1197 1777 eorum,
1221 1739 1358 1770 etiamsi
1387 1738 1540 1778 religiosi
1564 1739 1725 1776 existant,
1746 1739 1880 1779 possint
1898 1740 2052 1780 ipsorum
2076 1742 2109 1771 et
2130 1749 2248 1772 eorum

639 1793 904 1824 domesticorum
923 1792 1032 1824 famil.
1049 1792 1283 1824 confessiones
1299 1792 1417 1823 audire
1431 1801 1469 1823 ac
1484 1800 1544 1832 pro
1558 1792 1706 1832 peccatis
1723 1792 1893 1830 omnibus,
1912 1795 2138 1834 praeterquam
2154 1795 2188 1826 S.
2207 1795 2245 1826 A.

640 1846 837 1883 reservatis,
857 1846 1085 1878 absolutionis
1101 1847 1304 1878 sententiam
1321 1846 1501 1886 impertiri.
1520 1846 1572 1884 (A.
1592 1847 1643 1884 28,
1662 1846 1685 1879 f.
1703 1847 1759 1878 103
1775 1846 1808 1882 ¹³3
1835 1846 1867 1877 V.
1887 1848 1938 1884 84,
1954 1856 2007 1888 ep.
2027 1847 2135 1888 2633.)

685 1897 822 1929 29398.
842 1917 881 1923 -
898 1900 1029 1940 Indulg.
1049 1901 1108 1932 100
1124 1900 1256 1932 dierum
1279 1908 1373 1931 conc.
1394 1899 1612 1931 audientibus
1638 1899 1781 1931 missam
1805 1909 1865 1931 seu
1886 1900 2027 1932 verbum
2050 1901 2114 1932 Dei
2134 1910 2246 1932 coram

639 1953 779 1994 praesato
794 1953 917 1985 comite
933 1953 967 1984 in
982 1953 1088 1985 variis
1103 1953 1183 1985 anni
1201 1953 1447 1985 festivitatibus
1462 1953 1515 1984 hic
1531 1953 1709 1984 recensitis
1727 1954 1761 1984 et
1775 1955 1815 1985 40
1829 1954 1962 1985 dierum
1978 1954 2013 1985 in
2030 1954 2151 1986 ceteris
2166 1955 2246 1985 anni

639 2003 772 2039 diebus.
792 2007 847 2042 (A.
867 2008 918 2044 28,
933 2007 956 2038 f.
974 2008 1033 2038 122
1049 2007 1079 2044 b;
1103 2006 1137 2037 V.
1154 2008 1205 2044 84,
1223 2015 1275 2047 ep.
1294 2006 1402 2047 2634.)

683 2057 820 2090 29399.
837 2079 875 2084 -
890 2061 975 2092 Item
998 2069 1090 2092 conc.
1108 2060 1326 2092 audientibus
1340 2062 1409 2092 tam
1425 2060 1565 2091 missam
1579 2068 1680 2100 quam
1700 2059 1840 2091 verbum
1854 2060 1917 2092 Dei
1929 2069 2042 2092 coram
2059 2062 2190 2092 Joanna
2205 2061 2246 2093 de

637 2114 847 2154 Burgundia.
866 2114 918 2154 (A.
934 2116 984 2152 28,
1003 2114 1026 2145 f.
1046 2116 1106 2145 122
1121 2114 1152 2151 b;
1177 2114 1212 2146 V.
1229 2115 1280 2153 84,
1300 2123 1352 2154 ep.
1372 2115 1477 2153 2635.)

684 2165 819 2197 29400.
840 2185 879 2191 --
896 2168 1043 2209 Praefatae
1065 2168 1168 2199 comiti
1189 2168 1316 2210 ejusque
1332 2168 1425 2198 uxori
1441 2167 1609 2199 indultum
1624 2169 1659 2198 ut
1675 2167 1843 2207 capellani
1860 2167 2039 2199 domestici
2056 2168 2245 2200 familiares

639 2221 726 2262 ipsis
744 2221 964 2262 ipsorumque
983 2222 1213 2253 familiaribus
1237 2221 1417 2262 utriusque
1440 2230 1544 2253 sexus
1572 2221 1687 2252 omnia
1708 2222 1919 2252 sacramenta
1938 2220 2166 2253 ecclesiastica
2183 2222 2239 2253 mi-

638 2275 786 2307 nistrare
804 2275 950 2308 valeant.
968 2275 1023 2316 (A.
1041 2277 1092 2313 28,
1109 2276 1131 2307 f.
1152 2277 1210 2308 129
1227 2275 1241 2297 b
1256 2285 1263 2313 ;
1287 2275 1322 2307 V.
1340 2276 1391 2310 84,
1409 2284 1461 2315 ep.
1478 2276 1585 2313 2636.)

683 2325 821 2358 29401.
854 2347 893 2352 -
925 2328 1055 2360 Eisdem
1081 2329 1253 2361 indultum
1278 2329 1425 2360 habendi
1452 2329 1558 2360 altare
1581 2328 1751 2368 portatile.
1786 2329 1840 2367 (A.
1866 2328 1915 2365 28,
1946 2328 1967 2358 f.
1994 2329 2052 2359 129
2073 2327 2105 2364 ὓ,
2136 2327 2168 2359 V.
2193 2330 2242 2365 84,

638 2391 689 2423 ep.
705 2383 811 2422 2637.)
1098 2389 1101 2392 ·

682 2432 818 2465 29402.
838 2453 878 2459 -
893 2436 1020 2467 Eisdem
1036 2437 1181 2468 facultas
1201 2436 1366 2468 celebrari
1387 2435 1532 2467 faciendi
1551 2435 1669 2466 divina
1686 2435 1798 2467 officia
1814 2435 1848 2466 in
1868 2435 1953 2466 locis
1971 2435 2151 2467 interdicto
2167 2444 2244 2476 sup-

634 2490 771 2530 positis,
794 2489 847 2528 (A.
866 2491 916 2528 28,
935 2490 958 2521 f.
977 2491 1035 2522 129
1049 2491 1083 2528 ¹>;
1114 2490 1145 2522 V.
1162 2491 1214 2528 81,
1233 2499 1286 2530 ep.
1307 2490 1413 2527 2638.)

683 2540 818 2573 29403.
843 2561 879 2566 -
906 2544 1034 2575 Eisdem
1057 2544 1228 2576 indultum
1251 2543 1415 2575 celebrari
1435 2542 1581 2574 faciendi
1600 2542 1742 2573 missam
1762 2544 1945 2582 antequam
1963 2542 2139 2573 illucescat
2156 2541 2241 2573 dies.

637 2596 689 2635 (A.
704 2598 757 2635 28,
774 2597 798 2629 f.
817 2599 876 2629 135
893 2602 924 2634 ·;
944 2597 981 2629 V.
998 2599 1050 2634 84,
1065 2607 1117 2638 ep.
1132 2597 1239 2637 2639.)

681 2647 819 2681 29404.
837 2669 876 2674 -
890 2651 1019 2682 Eisdem
1034 2652 1177 2683 facultas
1194 2651 1342 2683 intrandi
1358 2649 1463 2682 semel
1481 2650 1514 2680 in
1528 2658 1628 2686 anno,
1643 2658 1720 2681 cum
1732 2649 1874 2680 honesta
1892 2648 2051 2680 comitiva
2069 2648 2240 2679 senarium

635 2713 815 2736 numerum
831 2713 898 2736 non
916 2705 1111 2741 excedente,
1125 2704 1283 2745 quaelibet
1310 2703 1518 2735 monasteria
1540 2711 1830 2742 quorumcumque
1850 2702 2006 2733 ordinum
2028 2702 2061 2732 et
2083 2709 2239 2737 sexuum,

636 2758 820 2790 dummodo
834 2758 882 2789 ibi
898 2767 966 2789 non
982 2759 1159 2790 comedant
1175 2766 1285 2798 neque
1301 2757 1510 2798 pernoctent.
1530 2757 1582 2794 (A.
1600 2757 1651 2794 28,
1672 2756 1695 2787 f.
1714 2757 1772 2787 145
1787 2755 1823 2793 ¹³3
1848 2755 1882 2785 V.
1899 2755 1950 2792 84,
1965 2762 2017 2794 ep.
2032 2753 2140 2793 2640.)

681 2808 820 2842 29405.
837 2829 876 2834 -
893 2811 1018 2843 Eisdem
1039 2811 1208 2843 indultum
1223 2813 1259 2843 ut
1278 2811 1395 2842 nullus
1410 2810 1443 2842 S.
1460 2811 1500 2841 A.
1516 2809 1648 2850 legatus
1662 2809 1697 2841 in
1712 2817 1875 2849 personas
1892 2809 2068 2847 terrasque
2086 2807 2239 2847 ipsorum

636 2864 809 2896 interdicti
826 2866 1013 2897 sententias
1030 2865 1246 2906 promulgare
1264 2865 1385 2905 possit.
1404 2863 1455 2903 (Α.
1475 2864 1524 2900 28,
1545 2863 1566 2894 f.
1586 2864 1645 2894 148
1660 2862 1693 2900 ι>;
1716 2862 1751 2893 V.
1767 2863 1818 2898 84,
1835 2870 1886 2901 ep.
1907 2860 2013 2898 2641.)

683 2915 820 2948 29406.
836 2937 875 2942 -
891 2919 1018 2950 Eisdem
1036 2918 1207 2950 indultum
1226 2919 1263 2950 ut
1277 2918 1452 2949 confessor
1471 2916 1576 2948 semel
1593 2925 1612 2947 a
1629 2915 1898 2955 quibuscumque
1913 2922 2042 2945 excom.
2060 2913 2239 2945 sententiis

635 2980 654 3003 a
671 2981 798 3004 canone
816 2972 896 3004 latis
911 2972 992 3004 etin
1008 2971 1145 3004 casibus
1168 2972 1201 3004 S.
1220 2972 1261 3003 A.
1287 2970 1471 3002 reservatis
1495 2970 1587 3010 ipsos
1608 2968 1784 3000 absolvere
1802 2968 1923 2999 valeat.
1942 2967 1997 3008 (A.
2014 2967 2064 3005 28,
2084 2966 2107 2998 f.
2127 2967 2183 2998 171
2202 2966 2236 3005 ¹³3

643 3024 676 3056 V.
695 3027 747 3063 84,
765 3034 817 3066 ep.
836 3027 941 3064 2670.)
