2540 3496
340 358 402 389 2⁶⁴

370 445 473 473 Datum
498 442 523 473 A
530 438 680 472 venione.

357 548 389 575 u
411 549 441 581 <v
457 546 511 581 id.)
529 545 584 580 μα.
606 543 691 571 ¹326.

432 591 462 618 T.
482 590 527 623 XI,
541 589 612 616 XIII.

479 757 514 784 Ut
535 765 557 783 s.

438 802 468 828 T.
486 801 518 834 X,
540 799 596 827 XII.

477 968 512 996 Ut
529 976 552 995 s.

425 1015 455 1042 T.
472 1014 518 1048 XI,
533 1012 604 1039 XIII.

476 1183 512 1211 Ut
532 1191 557 1211 s·

421 1229 452 1257 T.
469 1228 516 1263 XI,
530 1227 604 1256 XIII.

477 1345 510 1372 Ut
530 1352 554 1371 s.

416 1390 446 1417 T.
468 1389 514 1422 XI,
536 1388 607 1416 XIII.

474 1611 510 1639 Ut
526 1619 550 1638 s.

418 1657 449 1685 T.
468 1656 514 1689 XI,
532 1655 605 1683 XIII.

472 1825 507 1852 Ut
527 1832 550 1851 s.

420 1871 450 1897 T.
465 1870 510 1904 XI,
525 1869 597 1896 XIII.

469 2040 504 2067 Ut
521 2048 544 2067 ε.

417 2086 447 2112 Τ.
464 2085 510 2118 XI,
525 2084 596 2112 XIII.

467 2201 503 2229 Ut
521 2210 545 2228 s.

455 2246 483 2272 T.
500 2246 554 2272 XL.

464 2520 501 2548 Ut
520 2528 543 2547 s.

350 2565 380 2592 T.
402 2565 451 2592 XII
472 2566 514 2599 ¹12,
537 2564 597 2592 XIV
616 2565 658 2599 ¹l2.

466 2787 499 2814 Ut
519 2795 542 2814 s.

412 2831 442 2858 T.
457 2831 503 2866 XI,
520 2832 592 2861 XIII.

456 2999 492 3026 Ut
520 3007 543 3027 s.

412 3043 443 3070 T.
460 3044 506 3077 xl,
524 3044 594 3071 XIII.

747 352 920 383 JOANNIS
943 351 1061 382 PAPAE
1084 351 1186 382 XXII.
1209 349 1456 391 (1816-1334).
1479 367 1517 372 --
1540 346 1728 378 LITTERAE
1750 345 1977 377 COMMUNES

811 539 945 572 25945.
967 559 1001 563 -
1016 541 1132 572 loanni
1144 540 1180 571 de
1194 539 1313 577 Mamo,
1327 547 1399 570 can.
1415 537 1561 578 praeben.
1578 537 1659 569 eccl.
1674 545 1702 568 s.
1720 535 1883 576 Stephani
1897 535 1938 568 de
1951 536 2102 568 Tescone
2118 536 2373 576 Montisalhani,

763 596 900 627 collatio
918 595 1077 626 cantoriae
1093 594 1200 633 ejusd.
1220 592 1301 624 eccl.
1319 600 1390 623 vac.
1404 600 1464 632 per
1478 590 1608 622 obitum
1621 589 1711 630 apud
1726 589 1759 621 S.
1777 591 1818 622 A.
1835 589 2016 622 Guillelmi
2031 589 2169 622 Martini
2179 600 2189 628 ς
2204 598 2272 622 non
2285 589 2372 623 obst.

764 649 846 680 eccl.
864 648 969 679 rurali
986 648 1022 679 B.
1041 647 1085 678 M.
1104 647 1144 677 de
1162 645 1337 682 curtibus,
1354 643 1563 676 Biterrensis
1581 643 1627 675 di.
1647 660 1686 666 ——
1702 643 1729 674 I.
1753 651 1783 674 e.
1802 650 1847 673 m.
1865 651 1942 683 ep.o
1960 642 2097 680 Riven„
2115 644 2149 675 et
2165 643 2288 676 Pontio
2304 643 2374 676 Μο-

763 701 878 733 linerii
897 710 933 731 ac
948 700 1117 732 Galhardo
1134 699 1276 736 Juliani,
1292 707 1366 729 can.
1383 697 1464 729 eccl.
1482 696 1713 729 Caturcensis.
1730 696 1782 735 (A.
1799 697 1851 734 28,
1868 695 1892 727 Ι.
1908 697 1968 728 481
1981 701 2011 733 ·;
2036 695 2070 728 V.
2086 697 2139 735 81,
2157 705 2210 737 ep.
2224 697 2334 738 2524.)

809 751 944 783 25946.
963 772 998 777 -
1018 752 1160 784 Artaudo
1181 752 1217 783 de
1234 751 1364 782 Salsaco
1383 750 1521 782 collatio
1534 758 1654 782 canon.
1670 749 1751 782 eccl.
1769 749 1936 782 Viennen.
1956 749 1992 781 in
2007 758 2074 790 qua
2087 751 2201 782 certus
2217 759 2292 782 can.
2309 759 2372 783 nu-

762 816 876 838 merus
894 809 926 839 et
940 807 1042 846 praeh.
1061 806 1236 838 distinctio
1252 814 1318 836 non
1333 804 1511 836 habentur.
1526 804 1602 835 —1.
1621 812 1651 835 e.
1668 812 1714 835 m.
1731 802 1807 835 abb.
1823 804 1970 835 monast.
1983 811 2012 834 s.
2029 803 2123 835 Petri
2139 802 2224 836 foris
2239 805 2374 845 portam

762 861 940 897 viennen,
960 863 993 891 et
1011 860 1118 900 prIori
1134 869 1162 890 s.
1179 858 1354 891 Saturnini
1371 858 1412 889 de
1429 857 1546 896 Portu,
1566 857 1699 890 Uticen.
1716 857 1776 895 di.,
1798 865 1836 888 ac
1849 857 2000 897 Guigoni
2014 857 2056 889 de
2071 865 2100 889 s.
2117 857 2288 890 Germano
2299 857 2374 898 jam
2426 895 2430 900 ⁴

761 914 863 945 dicto.
882 915 935 952 (A.
950 915 1000 951 25,
1019 914 1040 944 f.
1057 915 1117 945 467
1138 918 1169 950 ⁸,
1190 913 1225 944 V.
1242 914 1293 947 81,
1313 920 1365 951 ep.
1383 910 1492 951 2538.)

805 964 943 997 25947,
965 985 1001 989 -
1018 967 1111 997 Petro
1126 966 1289 997 Ademarii
1306 965 1343 996 de
1357 964 1468 1002 Bosco,
1484 964 1607 996 clerico
1624 964 1706 996 eccl.
1723 964 1930 1002 Aniciensis.
1946 972 2043 1005 prov.
2058 972 2176 996 canon.
2194 963 2259 996 sub
2275 973 2372 1005 exsp.

759 1021 861 1060 praeb.
878 1021 959 1052 eccl.
984 1020 1208 1057 Brivatensis,
1228 1019 1261 1051 S.
1282 1018 1375 1050 Flori
1393 1018 1439 1050 di.
1458 1036 1497 1041 -—-
1521 1018 1548 1050 Ι.
1572 1026 1601 1050 e.
1622 1026 1669 1049 m.
1687 1017 1803 1050 abbati
1819 1018 1965 1050 monast.
1989 1017 2154 1055 Casaedei,
2172 1017 2371 1051 Claromon-

758 1075 866 1106 tensis
884 1074 944 1112 di.,
961 1076 993 1105 et
1008 1083 1097 1114 mag.
1114 1073 1261 1113 Guigoni
1279 1073 1320 1103 de
1334 1080 1362 1103 s.
1381 1071 1553 1104 Germano
1567 1071 1639 1112 jam
1654 1071 1756 1109 dicto,
1775 1079 1813 1103 ac
1835 1071 1974 1112 Hugoni
1992 1071 2033 1104 de
2057 1071 2179 1110 Turre,
2194 1079 2268 1104 can.
2289 1071 2373 1104 Ani-

758 1128 843 1160 cien.
862 1128 1024 1159 ecclesiae.
1046 1128 1097 1166 (A.
1119 1128 1170 1163 25,
1194 1127 1217 1157 f.
1230 1127 1291 1157 480
1309 1131 1338 1163 ⁸3
1359 1125 1394 1157 V.
1414 1127 1463 1163 81,
1481 1133 1534 1167 ep.
1548 1124 1660 1165 2542.)

802 1179 940 1211 25948.
957 1200 995 1205 -
1017 1180 1180 1212 Guillelmo
1194 1179 1323 1211 Albuini
1345 1179 1473 1211 similis
1497 1179 1607 1219 gratia
1629 1179 1666 1210 in
1687 1178 1769 1211 eccl.
1788 1178 1963 1210 Trecensi.
1984 1195 2023 1200 —
2036 1179 2064 1210 Ι.
2081 1187 2110 1211 e.
2135 1188 2182 1211 m.
2198 1178 2371 1220 archiep.o

757 1235 942 1269 Bisuntin..
958 1234 1034 1266 abb.
1051 1235 1196 1266 monast.
1212 1242 1239 1264 s.
1252 1232 1405 1270 Antonii,
1416 1232 1584 1264 Viennen.
1597 1232 1658 1270 di.,
1673 1233 1706 1263 et
1716 1232 1865 1273 Guigoni
1877 1231 2087 1273 supradicto.
2103 1232 2218 1273 (125,
2230 1233 2251 1264 1.
2265 1233 2328 1266 Μ
2338 1237 2369 1271 ⁸;

764 1288 795 1319 V.
813 1289 864 1326 81,
884 1297 935 1328 ep.
952 1289 1058 1326 2543.)

803 1338 935 1371 25949.
956 1359 993 1364 -
1011 1340 1135 1371 Danieli
1148 1345 1221 1370 nato
1239 1339 1335 1380 Papae
1352 1339 1388 1370 de
1402 1338 1564 1372 Fileueria
1586 1338 1714 1370 similis
1735 1339 1845 1380 gratia
1861 1339 1897 1370 in
1911 1339 1993 1371 eccl.
2010 1339 2176 1378 Lunensi,
2194 1348 2263 1372 non
2279 1339 2369 1372 obst.

756 1403 872 1426 canon.
892 1395 1002 1435 plebis
1015 1404 1043 1425 s.
1062 1394 1253 1434 Margaritae
1270 1394 1311 1424 de
1325 1393 1450 1427 Arcola
1465 1394 1498 1425 et
1511 1392 1674 1425 clericatu
1687 1393 1767 1425 eccl.
1785 1402 1813 1425 s.
1830 1401 1859 1425 s.
1874 1392 2018 1425 Fabiani
2033 1394 2067 1425 et
2081 1393 2287 1432 sebastiani,
2302 1393 2368 1426 Lu-

755 1457 831 1480 nen.
846 1449 893 1479 di.
908 1466 947 1471 -—-
963 1449 989 1480 Ι.
1010 1457 1039 1480 e.
1059 1457 1105 1479 m.
1123 1447 1237 1479 abbati
1252 1448 1400 1479 monast.
1418 1456 1446 1479 s.
1461 1446 1579 1479 Savini
1593 1447 1634 1478 de
1651 1447 1835 1485 Montione‚
1851 1446 1968 1478 Pisan.
1987 1446 2048 1487 di.,
2061 1447 2094 1479 et
2107 1447 2210 1479 Petro
2225 1447 2266 1479 de
2280 1446 2367 1480 Gho-

755 1502 820 1533 ziis
836 1502 960 1533 archid.
980 1503 1226 1536 Ravennatem,
1251 1510 1288 1532 ac
1317 1501 1420 1533 Petro
1437 1500 1582 1541 archipr.
1611 1500 1652 1532 de
1676 1500 1866 1537 Filetteria,
1896 1501 2029 1532 Lunen.
2055 1500 2116 1538 di.,
2139 1500 2220 1533 eccl.
2241 1501 2294 1539 (A.
2313 1502 2368 1540 25,

754 1556 777 1586 f.
794 1557 854 1588 480
869 1556 900 1593 ¹‘;
924 1555 957 1587 V.
974 1557 1024 1593 81,
1041 1564 1093 1595 ep.
1108 1555 1215 1594 2544.)

799 1607 936 1640 25950.
957 1629 994 1633 -
1013 1609 1240 1641 Bartholomaeo
1259 1613 1333 1639 nalo
1360 1608 1470 1640 Jacobi
1481 1607 1518 1639 de
1534 1608 1739 1649 Butriqariis,
1763 1608 1863 1650 lequm
1891 1608 2038 1648 doctoris,
2053 1617 2148 1649 prov.
2165 1617 2284 1642 canon.
2302 1609 2368 1641 sub

754 1672 849 1703 exsp.
870 1663 971 1703 praeb.
994 1663 1073 1695 eccl.
1094 1663 1347 1704 Aquilegensis.
1362 1680 1401 1686 -
1416 1663 1443 1694 Ι.
1462 1671 1491 1694 e.
1502 1671 1548 1694 m.
1565 1671 1641 1703 ep.0
1653 1663 1873 1700 Bononiensi,
1886 1662 1918 1694 et
1931 1662 2079 1703 Guigoni
2089 1662 2131 1695 de
2150 1671 2178 1694 s.
2196 1663 2367 1696 Germano

753 1717 879 1749 archid.
898 1718 1081 1749 Benascen.
1105 1717 1264 1754 Ilerden.,
1285 1717 1386 1758 Papae
1411 1725 1498 1756 cap„
1522 1725 1560 1747 ac
1585 1717 1687 1748 Petro
1706 1716 1824 1754 Alrici,
1845 1725 1919 1748 can.
1941 1716 2118 1749 Mimaten.
2138 1716 2218 1748 eccl.
2239 1715 2293 1757 (A.
2311 1718 2366 1755 25,

753 1770 774 1801 f.
791 1772 851 1802 483
867 1770 895 1807 ¹³3
920 1770 954 1802 V.
971 1772 1022 1808 81,
1041 1779 1093 1810 ep.
1110 1771 1218 1809 2548.)

797 1821 934 1854 25951.
954 1842 991 1846 -
1010 1824 1129 1855 Tkomae
1145 1824 1182 1855 de
1198 1823 1395 1862 Nassincone,
1420 1824 1543 1856 rectori
1559 1823 1696 1864 paroch.
1723 1824 1806 1855 eccl.
1830 1823 1871 1856 de
1894 1823 2091 1864 Jakesleye,
2111 1823 2366 1856 Lincolniensis

751 1878 811 1915 di.,
829 1878 955 1909 similis
971 1878 1080 1918 gratia
1094 1878 1129 1909 in
1146 1878 1226 1910 eccl.
1243 1877 1463 1910 Eboracensi.
1490 1895 1529 1900 —-
1545 1878 1571 1908 I.
1600 1886 1629 1909 e.
1656 1886 1702 1908 m.
1730 1877 1807 1909 abb.
1828 1878 1974 1909 monast.
1999 1877 2040 1909 de
2063 1877 2233 1918 Torneye,
2251 1877 2362 1911 Elien.

750 1931 810 1971 di.,
828 1931 954 1963 archid.
983 1932 1192 1971 supradicto,
1207 1934 1239 1963 et
1262 1932 1386 1964 Joanni
1403 1931 1610 1974 Litterellis‚'
1628 1939 1699 1963 can.
1725 1931 1950 1963 Saresbirien.
1969 1931 2050 1964 eccl.
2067 1931 2120 1967 (A.
2146 1932 2198 1970 25,
2214 1931 2239 1964 f.
2255 1932 2317 1965 484
2333 1937 2364 1970 ⁸5

755 1985 790 2016 V.
807 1987 857 2023 81,
876 1994 928 2025 ep.
946 1987 1052 2023 2549.)

794 2036 935 2069 25952.
954 2057 991 2061 -
1007 2039 1172 2081 Peleyrino
1190 2039 1228 2070 de
1242 2038 1446 2080 Salzeburqo,
1466 2039 1590 2071 rectori
1613 2039 1749 2079 paroch.
1769 2039 1850 2070 eccl.
1869 2039 1905 2070 in
1921 2039 2023 2076 Reut,
2043 2038 2284 2080 salzeburgen.
2301 2039 2364 2078 di.,

749 2093 875 2124 similis
892 2093 1000 2132 gratia
1019 2094 1052 2124 in
1069 2094 1150 2125 eccl.
1167 2093 1378 2125 Tridentina.
1395 2111 1434 2116 ——
1450 2093 1476 2124 I.
1496 2102 1524 2124 e.
1545 2102 1590 2124 m.
1605 2092 1776 2132 archiep.0
1794 2092 2068 2134 Saizehurgensi,
2084 2094 2116 2125 et
2129 2101 2236 2134 praep.
2251 2093 2364 2126 Brixi-

749 2155 839 2184 nen„
856 2155 894 2177 ac
911 2147 1038 2178 archid.
1058 2147 1265 2187 supradicto.
1286 2147 1337 2187 (A.
1353 2149 1406 2185 25,
1424 2146 1447 2178 f.
1462 2148 1522 2178 484
1538 2146 1568 2184 b;
1591 2147 1627 2179 V.
1645 2148 1698 2181 81.
1718 2155 1770 2186 ep.
1787 2148 1894 2186 2550.)

793 2197 933 2229 25953·
948 2218 986 2223 -
1005 2200 1109 2241 Εμαε
1128 2201 1332 2232 Bononiensis
1348 2201 1447 2232 datur
1465 2202 1501 2232 ut
1515 2201 1622 2241 Judex
1640 2201 1860 2232 conservator
1879 2200 1922 2232 ad
1939 2200 2215 2241 quinquennium
2228 2201 2363 2234 univer·

748 2254 841 2284 sitati
860 2254 1043 2285 scolarium
1063 2264 1100 2286 ac
1121 2255 1293 2286 communi
1312 2255 1498 2286 Bononien.
1528 2263 1589 2294 pro
1613 2253 1849 2286 observatione
1871 2253 2131 2295 privilegiorum
2143 2254 2362 2288 universitati

748 2308 986 2348 magistrorum
1003 2310 1036 2339 et
1051 2309 1248 2347 scolarium,
1265 2309 1325 2349 qui
1342 2309 1377 2339 in
1393 2308 1530 2340 civitate
1554 2309 1629 2348 ipsa
1652 2308 1790 2348 degunt,
1810 2307 1852 2339 ab
1873 2308 1913 2339 A.
1944 2307 1978 2340 S.
2006 2316 2269 2346 concessorum;
2282 2317 2362 2341 cum

748 2361 985 2401 subrogatione
1002 2362 1167 2402 archiep.i
1192 2363 1466 2394 Ravennatensis
1487 2362 1560 2394 loco
1584 2362 1666 2393 dicti
1695 2362 1764 2402 ep.i
1794 2362 1995 2400 Bononien„
2015 2362 2048 2393 si
2069 2362 2144 2402 ipse
2164 2361 2290 2395 absens
2306 2363 2361 2395 vel

747 2414 923 2455 negligens
946 2415 1058 2452 fuerit,
1089 2417 1147 2447 aut
1174 2416 1319 2448 ecclesia
1339 2416 1568 2448 Bononiensis
1589 2417 1726 2456 pastore
1751 2415 1909 2448 caruerit.
1933 2416 1988 2456 (A.
2021 2416 2072 2454 24,
2089 2415 2111 2447 f.
2128 2417 2184 2447 111
2202 2421 2231 2455 ⁸3
2253 2416 2290 2448 V.
2306 2417 2358 2455 81,

747 2477 800 2508 ep.
816 2470 921 2505 2705.)

791 2519 931 2558 25954.
945 2540 984 2545 -
1000 2522 1136 2563 Noqerio
1152 2527 1225 2554 nato
1243 2523 1369 2564 AE'qidii
1383 2523 1536 2565 Fronquti
1550 2532 1646 2564 prov.
1665 2531 1783 2554 canon.
1804 2522 1868 2554 sub
1886 2531 1983 2563 exsp.
2004 2522 2106 2563 praeb.
2124 2523 2205 2556 eccl‘.
2225 2532 2253 2555 s.
2265 2523 2357 2557 Gau·

746 2575 850 2614 gerici
866 2575 1122 2607 Cameracensis
1128 2586 1138 2613 ;
1158 2586 1234 2608 cum
1250 2578 1443 2609 cassatione
1459 2578 1587 2609 similis
1603 2577 1719 2618 gratiae
1732 2577 1800 2616 ipsi
1816 2576 1912 2608 factae
1923 2577 1958 2608 in
1974 2577 2055 2608 eccl.
2073 2586 2100 2608 s.
2114 2577 2261 2609 Materni
2274 2577 2358 2610 Leo-

747 2628 889 2665 diensiS,
908 2638 982 2660 cum
1003 2630 1096 2661 nulla
1110 2631 1154 2662 sit
1171 2631 1252 2662 eccl.
1270 2631 1334 2662 sub
1350 2631 1515 2663 vocabulo
1536 2640 1563 2663 s.
1589 2631 1734 2663 Materni
1752 2631 1788 2662 in
1802 2630 1894 2662 civit.
1910 2630 2106 2663 Leodiensi.
2122 2649 2160 2654 —
2175 2631 2203 2662 Ι.
2218 2639 2248 2663 e.
2264 2639 2310 2663 m.
2325 2639 2354 2664 s.

746 2681 862 2712 Jacobi
875 2682 1088 2720 Leodiensis,
1101 2685 1173 2714 ets.
1189 2684 1333 2716 Auberti
1344 2694 1382 2716 ac
1396 2694 1423 2716 s.
1441 2685 1619 2725 Sepulchri
1630 2685 1847 2716 Cameracen.
1860 2685 2005 2716 monast.
2020 2683 2213 2716 abbatibus.
2229 2684 2284 2726 (A.
2302 2686 2355 2723 25,

747 2734 769 2765 f.
786 2736 846 2766 589
860 2740 889 2770 ⁸,
909 2735 944 2766 V.
961 2737 1013 2771 81,
1030 2745 1082 2776 ep.
1099 2737 1206 2777 2792.)

794 2785 928 2817 25955.
947 2808 984 2811 -
1008 2789 1137 2821 Hinrico
1159 2791 1197 2822 de
1217 2792 1333 2830 Monte,
1355 2793 1478 2824 rectori
1498 2792 1634 2833 paroch.
1657 2792 1737 2824 eccl.
1762 2792 1798 2823 in
1825 2791 2088 2832 Moysdeborgh,
2114 2792 2262 2824 Verden.
2293 2792 2354 2830 di.,

747 2850 841 2881 prov.
859 2850 977 2873 canon.
994 2844 1058 2874 sub
1074 2853 1168 2884 exsp.
1186 2845 1290 2885 praeb.
1309 2846 1390 2878 eccl.
1412 2846 1623 2884 Rameslen.‚
1642 2846 1841 2878 Bremensis
1860 2846 1906 2877 di.
1933 2864 1971 2869 —
1988 2845 2015 2877 1.
2033 2854 2063 2877 e.
2085 2854 2130 2877 m.
2150 2845 2301 2886 scolast„
2319 2846 2354 2878 et

747 2895 874 2926 Alardo
892 2896 932 2926 de
950 2896 1105 2936 Estorpe,
1125 2898 1298 2935 Lubicen.,
1316 2909 1354 2931 ac
1369 2899 1570 2931 Helinberto
1594 2900 1634 2931 de
1651 2899 1814 2936 Visbeke,
1843 2899 2000 2931 Bremen.
2025 2907 2098 2930 can.
2118 2899 2200 2931 eccl.
2229 2899 2282 2941 (Α.
2301 2901 2353 2939 25,

746 2948 771 2979 f.
793 2950 853 2980 594
868 2948 896 2984 b;
925 2949 960 2981 V.
976 2951 1028 2986 81,
1045 2959 1097 2990 ep.
1116 2952 1224 2991 2804.)

791 2999 930 3032 25956.
947 3021 982 3026 -
998 3003 1175 3035 Hermanno
1189 3005 1276 3044 Holt,
1291 3016 1362 3038 can.
1377 3007 1524 3047 praehen.
1542 3007 1622 3039 eccl.
1638 3007 1849 3045 Butzowen.‚
1861 3006 2051 3039 Zwerinen.
2068 3006 2127 3044 di.,
2141 3007 2267 3042 similis
2278 3015 2351 3048 gra-

745 3055 792 3086 tia
805 3055 839 3086 in
858 3056 938 3087 eccl.
955 3056 1200 3098 Hamburgen.‚
1219 3060 1373 3092 Bremen.
1389 3060 1435 3092 di.
1454 3078 1492 3084 —
1507 3061 1532 3092 I.
1553 3070 1582 3092 e.
1595 3069 1640 3091 m.
1657 3062 1694 3091 ut
1712 3069 1738 3091 s.
1753 3061 1805 3101 (A.
1823 3061 1874 3099 25,
1890 3060 1912 3091 f.
1932 3061 1992 3092 595
2005 3065 2036 3097 ⁸;
2054 3059 2092 3092 V.
2106 3061 2158 3098 81,
2173 3069 2224 3101 ep.
2244 3061 2351 3100 2805.)
