2540 3496
326 316 386 348 ⁴02

356 405 460 432 Datum
486 401 510 433 A
517 398 667 432 venione.

395 612 435 639 23
454 611 511 639 dec.
537 611 623 637 1326.

414 657 443 689 (x
461 656 518 683 kal.
536 655 611 690 jan.)

455 701 485 727 T.
508 700 563 726 XX.

468 876 503 903 Ut
524 884 546 903 s.

404 921 435 948 T.
457 920 515 953 XII,
537 920 606 947 XIV.

468 1144 502 1171 Ut
521 1152 543 1171 S.

407 1189 437 1215 T.
456 1189 515 1220 XII,
536 1188 604 1216 XIV.

468 1305 502 1331 [t
520 1313 543 1331 s.

415 1349 445 1376 T.
459 1349 504 1383 xi,
520 1349 592 1376 XIII.

468 1465 501 1492 Ul
518 1474 542 1492 s.

450 1510 480 1537 T.
500 1510 556 1536 XX.

467 1626 499 1652 Η
518 1634 540 1652 ε.

452 1670 482 1697 Τ.
504 1670 559 1697 xi..

389 1838 428 1865 24
447 1839 505 1866 dec.
530 1839 617 1868 1326.

401 1888 444 1916 (ix
461 1884 520 1910 kal.
534 1883 609 1919 jan.)

407 1929 438 1956 T.
462 1928 506 1962 XI,
528 1928 599 1955 XIII.

465 2054 499 2081 Ut
519 2062 542 2080 s.

411 2099 441 2125 T.
461 2099 506 2131 XI,
523 2099 595 2126 XIII.

463 2162 499 2190 Ut
518 2171 542 2189 s.

436 2207 466 2233 T.
486 2207 566 2234 XXX.

462 2269 498 2296 Ut
517 2278 541 2296 s.

412 2314 442 2340 T.
460 2314 505 2347 xi,
523 2315 594 2341 xm.

465 2539 500 2567 Ut
516 2547 539 2566 s.

387 2753 425 2780 25
445 2753 503 2780 dec.
525 2753 615 2781 4326.

387 2797 455 2833 (vm
470 2798 530 2825 kal.
541 2797 617 2834 jan.)

261 2858 277 2874 0
327 2842 374 2869 Gr.
394 2851 445 2877 pro
462 2850 537 2877 pers.
554 2843 671 2871 notarii.

714 311 886 343 JOANNIS
910 310 1028 340 PAPAE
1050 310 1152 340 XXII.
1176 310 1425 349 (1316-1834).
1449 328 1487 335 --
1509 310 1696 341 LlT'rERAE
1719 310 1946 344 COMMUNES

754 509 782 531 s.
807 500 898 532 Petri
923 499 963 530 de
981 499 1099 531 Offena
1122 499 1155 529 et
1178 507 1206 530 s.
1228 498 1321 530 Petri
1345 498 1386 530 de
1408 498 1679 530 Inter-montibus
1701 509 1739 531 ac
1759 508 1787 531 s.
1813 499 1903 532 sixti
1928 501 1970 533 de
1992 501 2108 534 Rocha
2131 501 2357 544 Magalonen..

752 553 894 585 Valven.
914 554 946 583 et
963 552 1134 583 Arelaten.
1155 551 1214 586 di..
1231 551 1310 583 eccl.
1333 551 1384 590 (A.
1405 553 1456 589 26,
1474 551 1497 583 f.
1514 552 1576 584 429
1591 557 1622 590 ·;
1647 551 1680 583 V.
1697 554 1749 590 82,
1767 562 1820 594 ep.
1838 555 1925 593 666.)

797 603 935 636 27379.
953 623 989 628 -
1006 604 1094 645 Ep.o
1106 604 1317 636 Laudunense’.
1335 604 1420 636 Cum
1434 613 1466 636 n.
1487 614 1519 636 v.
1536 605 1685 638 Thomas
1699 605 1741 638 de
1758 606 1995 645 Martontants,
2013 607 2126 646 miles,
2140 609 2360 642 consiliarius

753 659 865 690 Caroli
883 659 924 690 R.
944 659 982 690 F.
1001 659 1033 689 et
1048 658 1104 698 N.‚
1128 657 1367 689 Laudunensis
1384 658 1445 694 di.,
1468 659 1649 699 quamdam
1670 667 1763 700 perp.
1782 660 1948 700 capellam
1971 670 2000 693 s.
2022 670 2048 692 c.
2069 662 2104 693 in
2124 662 2198 694 loco
2214 663 2256 695 de
2271 663 2357 695 Mar·

753 712 914 749 fontanis,
931 712 1028 743 dictae
1042 711 1103 749 di„
1119 711 1300 742 instituere
1317 713 1486 752 proponat
1502 712 1602 752 eique
1619 713 1773 744 redditus
1789 714 1829 745 25
1846 714 1869 746 l.
1887 715 1910 746 t.
1936 714 2122 756 assignare,
2139 717 2252 748 mand.
2270 717 2360 749 dicto

752 774 827 805 ep.o
847 766 882 797 ut
901 765 967 805 ipsi
989 765 1126 797 Thomae
1148 764 1291 805 ejusque
1315 764 1508 797 haeredibus
1526 765 1561 797 in
1582 766 1699 798 eadem
1716 767 1846 807 capella
1861 767 1919 808 jus
1941 768 2142 808 patronatus
2159 771 2192 802 et
2214 778 2361 810 praesen-

752 820 844 850 tandi
862 819 904 850 ad
920 828 994 850 eam
1011 827 1175 858 personas
1191 818 1256 850 loci
1273 818 1447 850 ordinario
1464 820 1636 852 concedat.
1658 821 1710 859 (Α.
1729 822 1780 859 26,
1797 820 1822 852 f.
1836 822 1893 853 671
1911 826 1940 858 ·;
1959 821 1995 854 V.
2012 822 2064 860 82,
2080 831 2134 863 ep.
2152 824 2240 863 973.)

796 869 933 902 27380.
952 890 985 894 -
1004 871 1034 902 F
1033 872 1183 909 rancisco,
1199 876 1272 902 nato
1286 872 1448 903 Palamini
1461 872 1498 903 de
1511 872 1625 904 Rubeis
1637 873 1710 904 civis
1722 873 1912 912 Parmensis,
1924 874 2062 907 collatio
2075 884 2194 908 canon.
2209 878 2242 908 et
2254 876 2356 918 praeb.

751 926 829 957 eccl.
847 935 873 957 s.
889 925 1006 958 Jacobi
1024 926 1064 957 de
1079 925 1476 964 Pontemolendinorum‚
1493 926 1662 959 Paduanae
1677 927 1738 964 di..
1756 937 1817 968 per
1832 927 1962 960 obitum
1980 929 2074 961 Petri
2089 938 2118 961 s.
2133 930 2254 971 Angeli
2270 930 2358 962 diac.

750 980 840 1011 card.
859 980 946 1020 apud
971 979 1005 1011 S.
1023 979 1063 1011 A.
1087 979 1237 1010 defuncti
1258 988 1332 1011 vac.
1349 997 1389 1003 -
1409 979 1435 1011 Ι.
1454 988 1482 1012 e.
1501 989 1546 1012 m.
1570 989 1674 1021 praep.
1697 989 1724 1013 s.
1747 981 1892 1014 Joannis
1908 982 2107 1022 Baptisterii
2131 983 2303 1023 Parmen.,
2327 985 2361 1016 et

750 1033 894 1074 archipr.
923 1034 963 1064 de
990 1033 1169 1071 Colliculo‚
1190 1034 1346 1064 Parmen.
1375 1033 1438 1071 di„
1464 1042 1502 1065 ao
1529 1034 1654 1066 Bosolo
1675 1035 1716 1066 de
1739 1035 1873 1072 Parma,
1897 1044 1972 1076 cap.
1997 1035 2111 1077 Papae,
2133 1046 2205 1069 can.
2230 1038 2358 1070 Torna-

750 1097 821 1119 cen.
841 1087 1074 1118 ecclesiarum.
1095 1087 1146 1127 (A.
1161 1088 1211 1123 27,
1231 1087 1254 1117 s.
1272 1089 1311 1119 90
1323 1092 1352 1125 ει;
1374 1087 1410 1119 V.
1426 1088 1478 1123 83.
1495 1096 1549 1128 ep.
1566 1089 1673 1128 1258.)

795 1138 931 1170 27381.
950 1159 985 1163 -
1004 1140 1118 1171 Eidem
1142 1140 1279 1172 collatio
1302 1149 1421 1172 canon.
1446 1142 1480 1172 et
1496 1140 1598 1181 praeb.
1618 1141 1699 1174 eccl.
1718 1151 1745 1173 s.
1767 1141 1923 1180 Andreae,
1939 1142 2110 1176 Paduanae
2125 1144 2187 1180 di.,
2205 1153 2280 1176 vac.
2297 1153 2360 1186 per

750 1194 879 1226 obitum
900 1194 995 1235 Petri
1014 1203 1041 1226 s.
1061 1194 1182 1234 Angeli
1206 1194 1290 1226 diac.
1312 1195 1403 1226 card.
1422 1195 1512 1234 apud
1530 1195 1564 1227 S.
1584 1195 1626 1227 A.
1644 1213 1683 1219 -—
1699 1196 1738 1227 In
1753 1204 1782 1228 e.
1801 1205 1845 1228 m.
1865 1197 1901 1228 ut
1923 1205 1952 1228 s.
1969 1196 2022 1236 (A.
2039 1198 2092 1236 27,
2109 1197 2133 1229 f.
2150 1198 2231 1239 84⁸3
2252 1197 2289 1230 V.
2305 1199 2358 1237 83,

750 1257 802 1288 ep.
822 1248 928 1286 1259.)

796 1299 931 1331 27382.
948 1320 984 1325 -
1000 1301 1151 1333 Bosolino
1165 1302 1202 1332 de
1219 1301 1404 1332 Menabobus
1419 1311 1515 1342 prov.
1533 1311 1653 1334 canon.
1672 1303 1737 1334 sub
1753 1311 1851 1344 exsp.
1869 1303 1972 1344 praeb.
1990 1304 2072 1336 eccl.
2087 1313 2116 1336 s.
2131 1305 2266 1338 Nicolai
2278 1305 2358 1338 Par-

750 1356 889 1387 mensIs.
910 1373 946 1378 —
963 1355 990 1386 I.
1007 1364 1036 1387 e.
1055 1364 1099 1386 m.
1116 1364 1190 1395 ep.0
1206 1355 1386 1392 Mutinen.,
1403 1355 1529 1387 archid.
1548 1356 1688 1396 Papien.
1706 1358 1739 1388 et
1759 1357 1906 1398 archipr.
1922 1357 2034 1397 plebis
2047 1357 2089 1390 de
2108 1357 2224 1397 Prato,
2235 1358 2358 1400 Regin.

750 1410 795 1440 di.
812 1409 865 1449 (A.
883 1411 954 1446 258,
975 1409 999 1440 f.
1019 1411 1078 1441 108
1092 1414 1123 1446 ⁸3
1147 1408 1180 1441 V.
1200 1410 1252 1447 84,
1271 1418 1323 1449 ep.
1342 1411 1449 1448 2071.)

794 1461 932 1493 27383.
953 1481 990 1486 -
1006 1462 1098 1494 Eisd.
1109 1462 1271 1503 judicibus
1288 1464 1401 1494 mand.
1418 1460 1485 1503 pro’
1498 1464 1690 1503 receptione
1713 1464 1911 1505 Malgarinae
1930 1466 2016 1497 natae
2038 1465 2275 1498 Francischini
2292 1466 2360 1500 Bo-

749 1517 910 1554 chanone,
925 1517 1010 1548 civis
1026 1517 1237 1553 Parmensis,
1256 1517 1378 1556 puellae
1390 1517 1560 1554 litteratae,
1575 1518 1610 1548 in
1626 1519 1772 1550 monast.
1789 1527 1817 1549 s.
1832 1518 2019 1565 Alexandri
2034 1518 2210 1558 Parmen.‚
2221 1519 2262 1552 Ο.
2273 1519 2307 1552 S.
2318 1520 2359 1553 B.

750 1571 802 1609 (A.
822 1572 892 1607 258,
911 1571 932 1602 s.
950 1571 990 1601 88
1009 1576 1036 1607 a;
1063 1570 1098 1602 V.
1120 1571 1171 1608 84,
1191 1579 1243 1610 ep.
1263 1572 1368 1609 2073.)
1388 1601 1390 1603 ,

794 1621 931 1653 27384.
953 1641 991 1646 -—
1008 1624 1114 1665 Ep.us
1128 1624 1361 1665 Laquedonen.‚
1375 1630 1402 1655 et
1417 1635 1442 1656 s.
1461 1624 1585 1666 Sophia·
1602 1625 1823 1664 Beneventum,
1844 1631 1872 1657 et
1888 1636 1913 1657 s.
1930 1626 2074 1657 Severini
2090 1626 2220 1667 majoris
2236 1626 2360 1669 Neapo-

750 1678 839 1708 [itan.
859 1682 989 1708 monast.
1004 1678 1127 1708 abbates
1144 1678 1266 1711 dantur
1282 1678 1319 1709 ut
1334 1678 1468 1718 judices
1486 1680 1743 1710 conservatores
1763 1679 1877 1710 abbati
1895 1681 1928 1711 et
1945 1688 2040 1711 conv.
2059 1682 2206 1712 monast.
2223 1690 2252 1712 s.
2270 1681 2360 1722 Lupi

749 1733 987 1767 l3eneventan.,
1000 1732 1041 1762 ad
1059 1732 1099 1763 R.
1110 1732 1153 1765 E.
1170 1732 1264 1763 nullo
1280 1732 1392 1763 medio
1408 1732 1543 1771 pertin„
1561 1732 1599 1764 Ο.
1615 1732 1648 1764 S.
1663 1733 1690 1764 B
1709 1758 1716 1770 ,
1728 1733 1770 1764 ad
1784 1733 2067 1773 quinquennium.
2086 1733 2139 1774 (A.
2152 1735 2204 1772 26,
2219 1734 2242 1766 f.
2255 1736 2314 1766 177
2326 1739 2359 1774 ⁸3

754 1786 790 1816 V.
815 1787 864 1821 84,
884 1794 935 1824 ep.
953 1787 1060 1823 2774.)
2228 1794 2233 1799 ·

794 1836 930 1868 27385.
949 1858 987 1862 -
1005 1839 1122 1870 Joanm'
1145 1838 1232 1868 Petri
1249 1847 1346 1878 prov.
1365 1847 1483 1870 canon.
1511 1839 1575 1870 sub
1600 1848 1696 1879 exsp.
1720 1839 1823 1880 praeb.
1850 1840 1930 1871 eccl.
1948 1841 2184 1878 vimaranen..
2211 1841 2359 1874 Braeha-

749 1893 860 1923 rensis
879 1893 938 1932 di„
963 1901 1030 1923 non
1051 1892 1138 1923 obst.
1157 1892 1191 1923 in
1208 1892 1290 1923 eccl.
1309 1892 1348 1923 de
1365 1892 1585 1930 Penamocor,
1601 1893 1850 1933 AEgitaniensis
1865 1894 1925 1929 di„
1945 1894 2092 1934 quodam
2111 1895 2358 1936 praestimonio.

749 1965 786 1968 -
805 1947 832 1977 Ι.
851 1955 879 1977 e.
896 1955 941 1977 m.
961 1946 1083 1977 Joanni
1104 1945 1277 1978 Vincentii
1299 1946 1333 1977 et
1357 1946 1527 1978 Bernaldo
1549 1947 1700 1984 Martini,
1720 1947 1976 1987 Bracharensis‚
1995 1957 2033 1979 ac
2047 1948 2232 1981 Laurentio
2246 1949 2358 1990 Egeae,

748 2000 1005 2039 Portugalensis
1023 1999 1102 2030 eccl.
1124 1999 1308 2030 canonicis.
1327 2000 1379 2039 (A.
1392 2001 1444 2037 26,
1464 2000 1487 2030 f.
1505 2002 1565 2032 399
1581 2006 1611 2037 ὃ,
1635 2000 1671 2032 V.
1689 2002 1740 2038 82,
1759 2010 1811 2041 ep.
1829 2002 1915 2038 599.)

792 2051 929 2083 27386.
956 2071 994 2076 -
1021 2053 1159 2084 Martino
1175 2052 1306 2084 Martini
1330 2053 1447 2085 eadem
1468 2054 1578 2094 gratia
1593 2054 1628 2085 in
1647 2054 1728 2086 eccl.
1748 2055 1988 2095 AEgitaniensi.
2007 2073 2046 2078 —
2067 2055 2095 2087 1.
2119 2065 2149 2087 e.
2166 2065 2212 2088 m.
2232 2056 2358 2089 decano

748 2108 828 2139 eccl.
847 2107 1059 2141 Elborensis‚
1075 2109 1107 2138 et
1124 2107 1296 2147 praedIctis
1315 2107 1484 2139 Bernaldo
1497 2109 1529 2139 et
1544 2108 1742 2140 Laurentio.
1771 2108 1824 2149 (A.
1838 2110 1889 2144 26,
1910 2109 1933 2140 f.
1952 2110 2012 2140 399
2028 2114 2057 2146 ²3
2083 2108 2116 2142 V.
2129 2109 2181 2148 82,
2199 2119 2253 2151 ep.
2270 2111 2358 2150 600.)

793 2158 929 2191 27387.
944 2180 982 2184 -
997 2160 1141 2201 Ραῑαψιο
1159 2159 1251 2191 electo
1269 2160 1425 2202 Jporiensz·
1446 2160 1594 2193 facultas
1616 2161 1803 2201 recipiendi
1821 2161 2081 2203 presbyteratus
2099 2163 2173 2195 ord.
2191 2165 2224 2196 et
2240 2172 2359 2196 conse-

748 2217 829 2246 crat.
845 2224 970 2246 munus
990 2224 1009 2245 a
1026 2223 1240 2254 quocumque
1257 2214 1418 2246 maluerit
1433 2223 1523 2254 epo.
1543 2215 1596 2253 (A.
1608 2216 1661 2253 26,
1678 2215 1701 2246 f.
1721 2217 1781 2258 553
1794 2215 1824 2253 ὓ,
1846 2215 1883 2247 V.
1897 2217 1948 2254 82,
1966 2225 2018 2256 ep.
2037 2217 2125 2257 930.)

793 2266 928 2297 27388.
944 2286 982 2291 -
1000 2268 1157 2305 Arduino,
1173 2273 1245 2299 nato
1263 2267 1377 2309 quond.
1396 2267 1686 2309 Rusfim'Advocati
1698 2268 1735 2300 de
1754 2269 1835 2300 Casa
1848 2279 1939 2306 nova,
1955 2269 2028 2302 cler.
2051 2269 2229 2309 Vercellen.,
2247 2270 2359 2312 gratia

747 2331 840 2361 exsp.
857 2323 1101 2362 praepositurae,
1115 2323 1147 2353 et
1163 2331 1281 2353 canon.
1295 2323 1328 2353 et
1343 2321 1445 2362 praeb.
1465 2322 1531 2354 eid.
1551 2322 1786 2362 praepositurae
1803 2331 2015 2355 annexorum
2030 2323 2139 2364 ejusd.
2157 2325 2238 2356 eccl.
2251 2325 2284 2357 et
2297 2333 2358 2365 per

747 2378 931 2407 consecrat.
945 2376 1101 2416 Palayni,
1121 2376 1285 2415 Yporien.
1304 2375 1361 2414 el„
1378 2375 1413 2407 in
1428 2376 1586 2415 proximo
1602 2377 1853 2408 vacaturorum.
1870 2395 1907 2400 —
1921 2377 1946 2408 I.
1968 2386 1998 2409 e.
2015 2386 2061 2408 m.
2079 2377 2194 2409 abbati
2210 2380 2356 2411 monast.

747 2439 774 2461 s.
795 2430 938 2461 Andreae
956 2430 1147 2462 Vercellen.
1170 2431 1202 2460 et
1226 2439 1330 2469 praep.
1349 2439 1377 2462 S.
1397 2429 1558 2470 Stephani
1574 2430 1615 2461 de
1637 2430 1790 2470 Bugella,
1815 2430 2003 2462 vercellen.
2029 2431 2089 2469 di.,
2109 2440 2148 2463 ac
2167 2432 2274 2464 Servo
2291 2432 2357 2465 Dei

746 2485 787 2514 de
805 2483 948 2519 Alzatis,
966 2492 1038 2514 can.
1055 2483 1248 2515 Vercellen.
1268 2483 1348 2514 eccl.
1367 2483 1420 2523 (A.
1437 2485 1489 2518 27,
1510 2483 1534 2514 f.
1555 2484 1614 2515 126
1630 2488 1659 2521 ³3
1683 2483 1719 2527 V.
1735 2484 1788 2520 83,
1806 2492 1858 2523 ep.
1878 2485 1984 2523 1337.)

792 2534 929 2566 27389.
952 2556 989 2560 -
1019 2537 1266 2577 Vinceinquerrae
1285 2537 1323 2567 de
1349 2536 1535 2567 Petavicinis
1559 2536 1674 2568 collat.
1697 2546 1817 2568 canon.
1843 2539 1876 2569 et
1893 2537 1997 2577 praeb.
2024 2539 2124 2579 atque
2145 2538 2355 2580 archipresb.

747 2590 857 2630 plebis
874 2591 914 2622 de
925 2591 1085 2628 Tribano,
1099 2590 1269 2622 Paduanae
1284 2591 1344 2628 di„
1363 2599 1424 2630 per
1438 2590 1568 2622 obitum
1580 2590 1673 2622 Petri
1689 2590 1730 2622 de
1746 2591 1949 2631 Columpna,
1966 2600 1994 2622 s.
2007 2591 2130 2632 Angeli
2145 2592 2232 2624 diac.
2249 2593 2355 2632 card„

747 2645 836 2684 apud
851 2644 884 2676 S.
904 2644 944 2676 A.
966 2644 1129 2683 defuncti,
1146 2653 1217 2676 vac.
1238 2662 1276 2667 —
1292 2645 1318 2675 Ι.
1339 2653 1368 2676 e.
1389 2653 1434 2676 m.
1458 2653 1535 2684 ep.0
1557 2643 1755 2681 Mutinensi,
1780 2646 1813 2676 et
1838 2653 1943 2685 praep.
1968 2644 2141 2682 Parmen.,
2160 2647 2193 2678 et
2208 2645 2354 2688 archipr.

746 2698 786 2729 de
805 2698 919 2733 Prato,
935 2698 1055 2737 Regin.
1074 2698 1135 2736 di.‚
1156 2698 1237 2729 eccl.
1254 2698 1307 2738 (A.
1324 2698 1374 2733 28,
1392 2697 1415 2728 f.
1434 2698 1492 2729 154
1507 2703 1535 2735 ³3
1557 2697 1591 2730 V.
1609 2699 1662 2736 84,
1678 2707 1732 2738 ep.
1750 2698 1858 2738 2613.)

790 2748 928 2781 27390.
947 2769 986 2774 -
1003 2751 1174 2792 Archiep.o
1188 2751 1350 2787 Januensi,
1369 2756 1396 2782 et
1411 2751 1516 2782 abbati
1530 2755 1662 2783 monast.
1682 2761 1706 2783 s.
1724 2751 1800 2793 Syri
1813 2752 1961 2787 Januen„
1977 2762 2013 2782 ac
2027 2752 2203 2793 quardiano
2219 2753 2356 2793 fratrum

747 2805 782 2837 O.
800 2806 842 2836 M.
857 2805 894 2836 de
907 2806 1004 2843 Zeva,
1018 2805 1160 2836 Albensis
1176 2804 1233 2842 di„
1251 2805 1365 2837 mand.
1384 2806 1434 2843 ut,
1450 2805 1514 2836 sub
1529 2814 1626 2845 poena
1639 2814 1769 2837 excom.
1784 2805 1860 2846 ipso
1873 2805 1961 2838 facto
1977 2806 2202 2842 incurrendae,
2220 2806 2356 2847 publice

746 2859 962 2897 denunciare,
978 2859 1205 2899 appellatione
1222 2860 1363 2896 remota,
1381 2859 1563 2899 procurent
1581 2868 1712 2891 excom.
1733 2861 1766 2891 et
1789 2859 2016 2891 anathematis
2034 2860 2214 2892 sententiis
2230 2861 2355 2902 ligatos

746 2922 821 2945 esse
843 2913 1006 2945 Anionem
1032 2913 1065 2944 et
1090 2912 1302 2944 Andalonem
1328 2913 1369 2944 de
1387 2912 1505 2950 Auria,
1530 2913 1784 2944 Manfredinum
1809 2904 1968 2945 et'Conte
1985 2913 2025 2945 de
2047 2913 2146 2951 Mari,
2164 2914 2354 2946 Leoninum

746 2968 919 2999 Bonavere
947 2968 980 2998 et
1006 2966 1216 2998 Lucchinum
1240 2966 1410 2998 Zachariae
1433 2967 1473 2998 de
1490 2967 1612 3004 Janua,
1641 2966 1774 2999 Saoniae
1791 2967 1977 3004 morantes,
2002 2967 2133 3007 piratas
2149 2966 2306 3007 publicos
2321 2969 2354 3000 et

747 3020 914 3057 crudeles,
938 3028 1167 3060 sequacesque
1184 3029 1222 3051 ac
1237 3019 1421 3060 complices
1439 3028 1555 3051 eorum
1574 3020 1632 3060 qui
1652 3029 1768 3051 mense
1785 3019 1935 3051 octobris
1955 3020 2110 3060 proxime
2129 3021 2302 3061 praeterito
2317 3021 2353 3052 in
