2540 3496
760 542 848 582 quod
873 539 1174 572 excommunicatae
1192 538 1393 577 receperunt
1415 537 1486 568 ord.
1508 538 1540 567 et
1564 535 1846 566 ministraverunt
1865 535 1900 565 in
1919 534 2018 574 ipsis,
2045 535 2103 566 aut
2120 542 2264 572 excom„
2285 541 2362 565 sus-

759 594 934 635 pensionis
955 593 1008 624 vel
1033 591 1205 623 interdicti
1229 590 1411 622 sententiis
1429 589 1597 620 innodatae
1616 588 1733 619 divina
1752 587 1967 619 celebrarunt
1981 588 2035 619 vel
2051 596 2088 619 se
2103 587 2365 619 immiscuerunt

757 648 898 679 eisdem.
919 647 969 685 (A.
991 647 1042 682 25,
1060 646 1083 677 f.
1097 646 1158 677 690
1173 644 1203 681 ¹³;
1225 643 1260 675 V.
1281 644 1333 680 80,
1353 651 1405 682 ep.
1423 644 1474 677 24,
1489 641 1526 672 de
1537 642 1652 681 curia.)

405 707 439 734 {7
458 713 519 741 apr.
541 703 629 731 1326.
799 697 937 730 26421.
955 716 993 722 -
1012 698 1088 729 Eid.
1117 697 1217 738 leqato
1241 705 1333 728 conc.
1353 698 1402 734 ut,
1431 696 1714 736 quotiescumque
1744 695 1856 735 ipsum
1888 694 2068 735 contigerit
2085 694 2121 725 in
2152 692 2364 725 solemnibus

398 755 448 786 (xv
463 751 522 778 kal.
539 748 634 784 maii.)
754 754 951 785 divinorum
975 752 1100 783 officiis
1120 751 1174 782 vel
1200 750 1349 790 publicis
1369 749 1594 789 parlamentis
1616 748 1844 788 personaliter
1867 749 2046 785 interesse,
2072 747 2183 787 possit
2205 746 2364 778 omnihus

755 807 838 838 illuc
865 805 1103 837 accedentibus
1119 804 1173 835 vel
1188 804 1316 835 ibidem
1340 802 1568 843 praesentibus
1586 802 1818 842 indulgentias
1833 801 1936 833 unius
1955 801 2035 833 anni
2052 803 2085 833 et
2099 811 2115 832 c
2129 801 2263 832 dierum
2279 800 2362 831 elar-

755 860 831 900 giri.
851 860 901 898 (Α.
920 861 971 897 25,
990 859 1014 890 f.
1031 860 1091 891 690
1108 858 1137 894 ¹';
1161 858 1196 889 V.
1214 858 1266 895 80,
1284 866 1337 896 ep.
1356 858 1408 894 25,
1431 855 1468 887 de
1481 856 1594 895 curia.)

472 917 507 944 Ut
522 925 546 944 s.
801 910 938 943 26422.
956 930 995 936 -
1012 912 1088 943 Eid.
1109 911 1209 953 legato
1235 911 1381 942 facultas
1402 909 1613 947 absolvendi,
1633 918 1695 940 sua
1718 909 1887 949 legatione
1902 909 2057 946 durante,
2075 916 2194 940 omnes
2209 916 2298 947 pers.
2315 915 2366 938 ee-

756 967 906 999 clesiast.
924 966 966 997 ab
989 974 1121 997 excom.
1145 964 1315 996 sententia
1337 972 1439 1003 quam
1463 965 1580 994 contra
1597 964 1725 994 statuta
1746 962 1927 1003 synodalia
1943 962 2119 993 venientes
2135 961 2362 992 incurrerunt.

754 1021 809 1060 (A.
828 1022 878 1055 25,
896 1020 919 1050 f.
933 1022 989 1052 691
1012 1025 1040 1056 ²3
1061 1019 1096 1050 V.
1119 1020 1172 1054 80,
1186 1027 1238 1058 ep.
1253 1019 1304 1055 26,
1319 1017 1356 1048 de
1370 1016 1486 1057 curia.)

474 1078 511 1106 Ut
526 1086 550 1104 s.
800 1071 938 1104 26423.
963 1091 1002 1096 -
1028 1072 1106 1103 Eid.
1127 1073 1226 1113 leqato
1251 1080 1343 1103 conc.
1370 1072 1408 1102 ut
1431 1070 1591 1102 omnibus
1613 1079 1692 1102 vere
1717 1069 1963 1110 poenitentibus
1988 1071 2021 1101 et
2045 1068 2214 1101 confessis
2237 1068 2296 1108 qui
2323 1068 2366 1099 ad

755 1128 1027 1159 constructiones
1044 1137 1059 1157 c
1083 1126 1318 1162 ecclesiarum,
1334 1124 1560 1164 hospitalium
1578 1133 1639 1156 seu
1654 1124 1810 1164 pontium
1828 1125 1861 1155 et
1878 1123 2130 1164 reparationem
2151 1122 2305 1162 ipsorum
2327 1129 2366 1153 ac

757 1181 1042 1213 sustentationem
1069 1180 1284 1211 infirmorum
1306 1179 1340 1210 et
1363 1187 1553 1218 pauperum
1575 1186 1697 1209 manus
1723 1177 1939 1217 porrexerint
1958 1176 2143 1217 adjutrices
2159 1185 2202 1207 Lx
2218 1175 2364 1211 dierum,
2425 1190 2427 1192 ·

757 1245 820 1267 sua
838 1236 1007 1275 legatione
1026 1235 1181 1270 durante,
1199 1232 1447 1272 indulgentiam
1470 1231 1610 1272 elargiri
1626 1231 1749 1262 valeat.
1769 1231 1822 1270 (A.
1839 1232 1890 1268 25,
1908 1231 1931 1262 f.
1947 1232 2005 1263 691
2020 1235 2049 1267 ⁸3
2071 1229 2109 1261 V.
2123 1230 2173 1266 80,
2188 1237 2243 1269 ep.
2260 1230 2311 1266 27,
2329 1227 2367 1259 de

332 357 393 387 304
742 350 915 382 JOANNIS
939 348 1057 380 PAPAE
1079 348 1180 379 XXII.
1206 347 1455 385 (1316-1334).
1477 362 1515 368 —
1539 343 1726 374 LITTERAE
1750 342 1802 373 DE
1824 342 1949 374 CURIA

365 446 467 474 Datum
486 440 667 474 Avenioue.

754 1299 851 1320 curta.

471 1345 506 1373 Ut
527 1353 551 1373 s.
800 1289 937 1372 26])124.
957 1361 993 1364 -
1008 1341 1084 1371 Eid.
1105 1340 1205 1381 leqato
1221 1339 1367 1371 facultas
1386 1339 1609 1379 dispensandi
1625 1339 1740 1370 decem
1755 1347 1920 1378 personas
1935 1337 2085 1378 partium
2098 1346 2168 1368 suae
2184 1335 2366 1377 legationis

758 1405 861 1436 super
878 1396 1012 1427 defectu
1030 1394 1195 1426 natalium
1217 1402 1319 1433 quem
1343 1394 1531 1433 patiuntur,
1549 1401 1626 1424 cum
1641 1393 1710 1423 sint
1725 1392 1766 1423 de
1781 1391 1895 1432 presb.
1911 1392 1965 1423 vel
1987 1392 2023 1422 in
2044 1391 2212 1423 adulterio
2231 1389 2365 1430 genitis,

758 1453 795 1482 ut
820 1458 939 1481 omnes
966 1449 1037 1480 ord.
1056 1450 1088 1479 et
1113 1447 1317 1479 beneficium
1343 1446 1446 1478 etiam
1468 1455 1496 1477 c.
1515 1455 1542 1478 c.
1568 1446 1719 1486 recipere
1746 1445 1895 1477 valeant.
1924 1445 1980 1486 (A.
2003 1446 2054 1482 25,
2079 1444 2104 1475 f.
2125 1445 2184 1476 691
2204 1449 2233 1480 “;
2263 1442 2297 1474 V.
2312 1443 2364 1481 80,

756 1513 809 1544 ep.
827 1505 878 1540 28,
895 1501 932 1533 de
953 1503 1064 1539 curia.)

472 1558 508 1586 Ut
524 1567 547 1586 s.
801 1554 939 1587 26425.
958 1574 996 1579 —-
1016 1556 1091 1587 Eid.
1108 1555 1207 1596 leqato
1223 1554 1369 1586 facultas
1387 1553 1588 1586 absolvendi
1604 1553 1746 1585 elericos
1761 1555 1794 1585 et
1812 1553 1920 1584 laicos
1934 1552 2084 1593 partium
2099 1560 2171 1583 suae
2184 1550 2367 1591 legationis

759 1611 801 1643 ab
821 1619 950 1642 excom.
971 1610 1109 1640 incursa
1132 1610 1270 1649 propter
1285 1608 1470 1639 fractiones
1485 1609 1518 1639 et
1539 1607 1697 1639 incendia
1714 1607 1795 1639 eccl.
1813 1609 1846 1639 et
1860 1607 2013 1638 locorum
2030 1605 2219 1638 ecclesiast.
2238 1604 2293 1644 (Α.
2314 1605 2366 1642 25,

758 1665 782 1696 f.
801 1667 858 1696 691
877 1670 903 1701 π
931 1664 966 1695 V.
983 1665 1035 1700 80,
1051 1672 1103 1703 ep.
1119 1665 1170 1698 29,
1186 1663 1222 1693 ‹ie
1238 1662 1349 1701 curia.)

470 1720 506 1747 Ut
526 1728 549 1747 s.
804 1715 939 1747 26426.
958 1735 996 1740 -
1023 1717 1100 1748 Eid.
1129 1716 1228 1757 leqato
1256 1716 1402 1747 facultas
1423 1715 1629 1747 concedendi
1655 1714 1829 1746 licentiam
1854 1723 1902 1745 xx
1919 1722 2010 1754 pers.
2038 1722 2108 1745 suae
2131 1712 2314 1753 legationis
2329 1713 2368 1743 ut

756 1772 938 1811 theologiae
955 1771 1129 1802 facultatis
1143 1771 1257 1801 studio
1273 1769 1424 1810 generali
1439 1769 1617 1800 immorari
1634 1768 1781 1805 valeant,
1797 1777 1835 1799 ac
1850 1767 1997 1799 faciendi
2012 1767 2062 1798 eis
2079 1766 2218 1798 interim
2237 1765 2367 1797 fructus

758 1826 911 1857 omnium
931 1825 1042 1856 benef.
1062 1833 1204 1855 suorum
1222 1825 1353 1864 integre
1368 1823 1569 1854 ministrari.
1588 1822 1641 1862 (A.
1658 1823 1709 1860 25,
1733 1822 1756 1853 f.
1775 1822 1832 1853 691
1850 1827 1879 1858 ²3
1903 1821 1936 1853 V.
1956 1822 2008 1859 80,
2025 1829 2078 1861 ep.
2092 1822 2144 1858 30,
2162 1819 2199 1851 cle
2212 1819 2327 1860 curia.)

471 1880 507 1907 Ut
528 1888 551 1909 s.
803 1876 938 1908 26427.
958 1897 994 1902 —
1012 1878 1088 1909 Eid.
1109 1877 1211 1918 leqato
1223 1877 1369 1908 facultas
1387 1876 1592 1908 concedendi
1609 1876 1855 1907 tabellionatus
1870 1875 1926 1906 off.
1946 1883 2020 1906 xxx
2038 1883 2130 1914 pers.
2145 1882 2215 1906 suae
2228 1873 2368 1914 legatio-

757 1933 811 1964 nis
834 1933 1016 1963 dummodo
1042 1941 1109 1963 non
1126 1931 1296 1971 conjugati
1319 1939 1380 1962 neo
1405 1930 1440 1961 in
1458 1930 1566 1961 sacris
1587 1930 1659 1961 ord.
1679 1929 1873 1961 constitutae
1893 1928 2054 1960 existant.
2077 1927 2128 1966 (A.
2149 1928 2201 1965 25,
2219 1926 2243 1959 f.
2257 1927 2318 1959 692
2332 1931 2366 1964 ·;

763 1987 798 2018 V.
815 1988 866 2024 80,
886 1995 938 2026 ep.
959 1987 1011 2023 31,
1028 1986 1063 2016 de
1077 1985 1190 2024 curia.)

470 2040 506 2068 Ut
527 2049 550 2067 s.
803 2037 939 2069 26428.
960 2059 998 2062 -
1014 2039 1091 2071 Eid.
1114 2039 1213 2079 leqato
1239 2038 1409 2070 indultum
1430 2037 1596 2069 celebrari
1614 2037 1760 2068 faciendi
1782 2045 1896 2068 coram
1913 2045 1949 2067 se
1967 2036 2112 2068 missam
2136 2035 2214 2066 ante
2228 2034 2320 2066 diem
2334 2035 2368 2065 et

755 2097 834 2134 post
850 2094 967 2125 horam
985 2093 1147 2130 debitam,
1164 2093 1245 2123 dum
1261 2094 1376 2123 tamen
1397 2093 1474 2123 ante
1489 2099 1626 2126 nonam,
1646 2092 1679 2122 et
1693 2091 1796 2122 etiam
1819 2098 1895 2121 cum
1916 2090 2028 2127 cantu,
2048 2097 2110 2120 sua
2128 2088 2296 2129 legatione
2308 2087 2367 2119 du-

755 2151 862 2179 rante.
881 2148 934 2187 (A.
951 2149 1002 2184 25,
1020 2147 1043 2178 f.
1057 2149 1118 2179 692
1131 2152 1159 2183 ²3
1187 2146 1219 2178 V.
1238 2148 1289 2183 80,
1306 2155 1357 2185 ep.
1375 2147 1425 2182 32,
1445 2144 1481 2176 de
1499 2145 1611 2184 curia.)

474 2201 509 2228 Ut
527 2208 551 2228 s.
803 2198 941 2231 26429.
959 2219 997 2224 -
1013 2200 1090 2231 Eid.
1110 2200 1209 2240 leqato
1226 2200 1410 2237 indultum,
1426 2208 1502 2230 cum
1517 2199 1560 2230 ad
1577 2199 1651 2230 loca
1670 2207 1740 2229 suae
1756 2198 1939 2238 legationis
1953 2196 2008 2228 vel
2025 2198 2122 2228 extra
2137 2195 2368 2228 ecclesiastico

757 2256 935 2295 supposita
951 2255 1132 2286 interdicto
1152 2254 1268 2294 ipsum
1284 2253 1443 2284 devenire
1458 2254 1490 2284 et
1506 2252 1618 2284 redire
1636 2252 1826 2292 contigerit,
1847 2251 1955 2282 semel
1973 2250 2042 2282 alta
2060 2258 2141 2282 voce
2156 2258 2194 2281 ac
2208 2249 2369 2281 solemni-

755 2311 807 2340 ter
823 2309 939 2339 divina
954 2308 1101 2340 faciendi
1117 2308 1294 2339 celebrari.
1311 2307 1364 2347 (A.
1383 2308 1434 2342 25,
1449 2306 1473 2337 f.
1487 2307 1549 2338 692
1561 2311 1592 2343 ¹3
1615 2305 1650 2337 V.
1669 2306 1721 2343 80,
1739 2314 1791 2345 ep.
1810 2307 1860 2342 33,
1879 2303 1916 2335 de
1931 2304 2045 2344 curia.)

474 2362 510 2389 Ut
525 2370 549 2389 s.
803 2359 941 2392 26430.
959 2381 995 2385 -
1013 2361 1091 2392 Eid.
1112 2361 1213 2402 leqato
1234 2361 1358 2393 indult.
1376 2362 1414 2392 ut
1429 2359 1604 2392 confessor
1620 2359 1773 2391 omnium
1790 2360 2004 2398 peccatorum
2021 2366 2162 2389 suorum
2176 2357 2246 2397 ipsi
2261 2356 2369 2388 semel

756 2417 889 2447 tantum
907 2416 942 2447 in
957 2416 1081 2447 mortis
1098 2415 1242 2446 articulo
1259 2414 1442 2446 concedere
1454 2414 1576 2445 valeat.
1598 2413 1650 2454 (A.
1670 2414 1720 2450 25,
1741 2412 1765 2443 f.
1779 2413 1839 2444 692
1858 2411 1888 2450 ι’;
1908 2411 1944 2443 V.
1961 2412 2012 2448 80,
2031 2419 2084 2451 ep.
2099 2412 2150 2449 34,
2164 2410 2200 2442 de
2214 2409 2330 2450 curia.)

475 2468 510 2496 Ut
531 2477 555 2495 s.
802 2467 946 2498 26431.
968 2487 1006 2492 -
1023 2469 1101 2500 Eid.
1120 2468 1220 2509 leyato
1236 2468 1382 2499 facultas
1395 2467 1618 2507 dispensandi
1632 2475 1655 2497 x
1671 2466 1764 2497 viros
1779 2467 1812 2497 et
1827 2465 1972 2497 totidem
1987 2465 2151 2496 mulieres
2169 2468 2218 2495 1v⁰
2227 2472 2370 2496 consan-

757 2522 849 2562 guin.
866 2523 918 2553 vel
932 2523 1025 2553 affin.
1043 2523 1151 2562 gradu
1166 2522 1377 2562 conjunctos,
1389 2522 1427 2552 ut
1437 2520 1586 2552 matrim.
1605 2519 1801 2551 contrahere
1813 2519 1959 2550 valeant.
1976 2518 2030 2558 (A.
2043 2519 2095 2555 25,
2112 2517 2135 2549 f.
2147 2519 2204 2550 691
2222 2517 2252 2555 ¹¹5
2267 2517 2304 2550 V.
2315 2519 2367 2556 80,

759 2584 812 2615 ep.
833 2577 882 2613 35,
900 2576 936 2606 de
951 2576 1064 2616 curia.)
2195 2575 2204 2586 ‘

473 2627 510 2655 Ut
526 2636 550 2655 s.
807 2626 945 2659 26432.
971 2647 1010 2652 -
1025 2629 1144 2660 Joanm‘
1166 2640 1190 2660 s.
1219 2629 1370 2660 Theodori
1387 2628 1468 2659 diac.
1494 2627 1594 2665 card„
1619 2628 1659 2658 A.
1687 2626 1724 2657 S.
1749 2626 1861 2666 leyato,
1887 2626 2030 2657 facultas
2056 2625 2278 2665 dispensandi
2291 2633 2369 2657 cum

759 2690 850 2721 pers.
868 2683 1050 2722 legationis
1068 2692 1137 2714 suae
1151 2683 1320 2715 defectum
1338 2682 1504 2714 natalium
1529 2680 1749 2721 patientibus,
1766 2680 1808 2712 de
1826 2679 1951 2716 soluto,
1970 2680 2028 2710 aut
2046 2679 2146 2714 diac„
2162 2679 2217 2710 vel
2233 2678 2368 2710 subdia-

758 2744 842 2766 cono
855 2736 980 2775 genitis
992 2738 1024 2767 et
1039 2737 1165 2772 soluta,
1180 2745 1255 2776 quae
1269 2736 1448 2776 adscriptae
1466 2729 1593 2766 fuerint
1608 2734 1662 2765 vel
1678 2733 1827 2767 adscribi
1843 2733 1883 2764 de
1891 2733 2042 2764 siderant
2058 2732 2191 2764 militioe
2204 2732 2367 2770 clericali,

758 2788 941 2820 dummodo
957 2790 997 2820 de
1016 2790 1147 2821 incestu
1163 2791 1217 2821 vel
1235 2789 1405 2821 adulterio
1422 2790 1480 2820 aut
1496 2788 1697 2829 presbytero
1712 2787 1834 2828 genitae
1851 2795 1918 2818 non
1935 2786 2097 2818 existant.
2111 2785 2258 2825 (A.25,f.
2269 2786 2329 2818 687
2337 2790 2366 2822 ⁸3

765 2841 798 2872 V.
814 2843 863 2879 80,
881 2851 934 2882 ep.
954 2844 1003 2879 36,
1021 2843 1057 2873 de
1073 2844 1185 2883 curia.)
1364 2831 1375 2843 Μ

477 2896 512 2923 Ut
533 2905 556 2923 s.
807 2892 943 2925 26433.
959 2912 994 2918 —
1012 2896 1082 2927 dam
1105 2896 1186 2927 dicto
1210 2896 1312 2937 leqato
1333 2897 1478 2928 facultas
1499 2895 1698 2927 reservandi
1716 2893 1890 2926 collationi
1914 2902 1984 2924 suae
2004 2894 2040 2924 in
2059 2902 2092 2924 vi
2115 2892 2368 2924 cathedralibus

758 2949 812 2980 vel
829 2949 947 2989 colleg.
970 2950 1186 2990 regularibus
1207 2951 1260 2982 vel
1277 2951 1390 2981 saecul.
1411 2949 1567 2981 ecclesiis
1584 2948 1675 2980 infra
1692 2947 1873 2988 legationis
1896 2956 1966 2978 suae
1985 2946 2152 2978 terminos
2172 2946 2368 2977 constitutis

760 3011 822 3033 sex
836 3003 995 3042 personis
1013 3003 1147 3034 idoneis
1164 3013 1225 3035 sex
1241 3004 1434 3044 dignitates,
1449 3005 1652 3044 personatus
1665 3001 1719 3033 vel
1740 3002 1795 3033 off.
1810 3010 1838 3032 c.
1857 3009 1884 3032 c.
1904 3000 1959 3032 vel
1975 3009 2003 3031 s.
2021 3009 2048 3032 c.
2067 3000 2108 3031 ad
2123 3000 2368 3040 cuiuscumque

757 3055 871 3087 collat.
891 3057 1016 3096 pertin.
1031 3057 1084 3097 (Α.
1111 3059 1162 3094 25,
1183 3057 1205 3088 f.
1224 3058 1283 3089 687
1298 3057 1326 3095 ¹³3
1349 3057 1385 3088 V.
1403 3059 1453 3095 80,
1469 3066 1521 3096 ep.
1540 3059 1590 3093 37,
1608 3055 1643 3086 de
1659 3055 1773 3095 curia.)
