2540 3496
315 328 376 358 412

347 418 453 446 Datum
476 411 657 446 Avenione.

344 520 363 548 9
375 524 406 557 (v
420 519 547 554 id.)jan.
567 517 654 546 1327.

449 564 480 592 Τ.
494 563 549 591 Lx.

455 997 492 1026 Ut
512 1006 535 1025 s.

403 1042 434 1069 T.
451 1042 497 1076 XI,
513 1041 587 1070 XIII.

453 1210 491 1238 Ut
511 1219 534 1238 s.

402 1255 433 1283 T.
453 1255 499 1289 XI,
515 1255 587 1283 XIII.

456 1480 493 1508 Ut
513 1488 537 1508 s.

401 1525 431 1552 T.
448 1525 495 1559 XI,
514 1525 587 1553 XIII.

452 1695 488 1723 Ut
507 1703 532 1723 ε.

389 1739 420 1768 Τ.
442 1740 503 1773 XII,
523 1739 595 1770 XIV.

452 1963 489 1991 Ut
507 1972 531 1991 s.

438 2008 532 2037 Gratis
537 2030 543 2035 .

452 2446 488 2474 Ut
505 2455 529 2474 s.

440 2491 471 2518 T.
489 2491 544 2518 XX.

454 2659 491 2688 Ut
507 2668 530 2687 s.

397 2703 428 2732 T.
448 2705 494 2739 xl,
511 2705 583 2733 XIII.

451 2873 488 2902 Ut
504 2882 529 2904 s,

720 319 894 352 JOANNIS
918 317 1037 349 PAPAE
1058 316 1162 348 XXII.
1187 314 1438 354 (1316-1334).
1459 330 1498 336 —-
1521 311 1709 343 LITTERAE
1732 311 1958 344 COMMUNES

792 510 925 542 27482.
945 529 985 535 -
1000 510 1085 551 Ep.0
1101 508 1230 540 Metensi
1250 508 1364 539 mand.
1383 508 1420 539 ut
1442 515 1569 539 mensae
1590 507 1734 539 Joannis
1757 506 1890 538 abbatis
1906 508 2053 539 monast.
2067 507 2109 540 de
2131 517 2160 540 s.
2176 508 2354 545 Michaele,

746 568 786 599 O.
803 566 835 598 S.
855 567 906 602 Β.,
924 563 1154 597 virdunensis
1170 562 1232 599 di.,
1247 561 1345 601 quus
1359 561 1449 592 bona
1469 560 1739 601 praedecessores
1762 560 1835 601 ejus
1850 553 2098 598 alienaverunt,
2115 561 2212 594 uniat
2227 561 2356 602 priora-

745 622 801 651 tus
819 620 859 650 de
873 617 1051 650 Harevilla
1066 617 1099 648 et
1113 616 1154 647 de
1176 615 1311 651 Salem,
1330 614 1372 645 ad
1394 614 1520 646 dictum
1537 615 1683 646 monast.
1702 615 1907 654 spectantes,
1925 614 2007 646 dicti
2030 615 2116 652 ord„
2133 614 2308 647 Tullensis
2323 616 2358 647 et

746 673 869 704 Meten.
887 671 947 709 di.,
968 678 1113 711 quorum
1132 669 1221 701 bona
1237 668 1391 709 ipsorum
1409 667 1542 709 priores
1564 668 1704 707 propter
1719 667 1924 699 dissolutam
1943 676 2062 700 eorum
2084 668 2191 700 vitam
2207 668 2290 700 adeo
2306 668 2356 700 di·

744 726 924 766 ripuerunt
945 725 982 755 ut
1003 722 1173 761 monachi,
1191 723 1250 763 qui
1271 722 1393 762 degere
1414 722 1664 752 consueverunt
1681 721 1718 752 in
1734 720 1818 759 illis,
1836 730 1904 752 non
1925 720 2051 753 habent
2070 722 2160 753 unde
2185 721 2355 762 stipendia

743 780 820 811 vitae
838 778 1038 819 percipiant,
1058 777 1118 808 sed
1134 785 1193 808 eos
1209 776 1342 816 oportet
1356 776 1549 807 necessario
1566 774 1608 806 ad
1632 774 1762 806 dictum
1780 776 1925 807 monast.
1945 783 2110 811 remeare,
2125 776 2200 807 tum
2217 776 2356 816 propter

744 842 857 864 rerum
881 831 1046 871 inopiam,
1059 831 1132 862 tum
1148 830 1287 870 propter
1301 837 1443 870 guerras
1460 837 1536 868 quae
1553 837 1572 859 a
1589 837 1635 859 xn
1654 828 1754 859 annis
1769 828 1855 860 citra
1871 828 1907 860 in
1927 828 2084 869 partibus
2099 829 2215 870 vigent
2235 829 2356 861 Lotha-

744 886 873 926 ringiae,
888 885 1014 925 quibus
1030 886 1129 916 terrae
1146 883 1258 923 ipsius
1272 883 1420 914 monast.
1432 882 1615 914 devastatae
1630 881 1779 914 fuerunt.
1795 881 1847 921 (Α.
1857 883 1909 918 26,
1920 882 1943 913 f.
1959 883 2018 914 601
2035 881 2065 920 ¹³;
2083 881 2116 914 V.
2126 883 2178 920 83,
2193 891 2245 923 ep.
2257 883 2353 921 10:363

743 938 942 975 Sauerland,
959 936 1085 976 Ouellen
1098 947 1153 968 zur
1170 936 1413 977 lothrinqisclzen
1438 935 1626 974 Geschiclzte‚
1641 936 1666 966 t.
1683 935 1710 973 Ι,
1724 944 1757 976 p.
1776 936 1848 972 243,
1862 944 1896 967 n.
1911 936 1999 975 512.)

788 989 926 1023 27483.
941 991 1112 1029 -Ροηιὶο,
1128 995 1202 1022 nato
1218 1001 1251 1021 η.
1261 1001 1290 1023 υ,
1303 989 1473 1021 Eustachii
1488 989 1557 1021 dmi
1572 989 1610 1021 de
1623 989 1764 1030 Aleqrio,
1781 988 1919 1021 collatio
1935 998 2054 1021 canon.
2068 989 2132 1021 sub
2143 998 2238 1030 exsp.
2251 989 2356 1030 praeb.

743 1056 810 1078 non
828 1045 1051 1077 sacerdotalis
1077 1045 1156 1077 eccl.
1174 1044 1427 1076 Laudunensis.
1446 1062 1485 1066 —
1504 1044 1544 1075 In
1567 1051 1596 1076 e.
1615 1052 1661 1074 m.
1685 1043 1812 1074 decano
1829 1052 1856 1074 s.
1873 1043 1967 1075 Petri
1982 1043 2016 1074 in
2032 1043 2106 1075 foro
2123 1043 2354 1082 Laudunensi,

743 1102 775 1132 et
792 1100 919 1131 archid.
937 1101 1121 1131 Benascen.
1138 1098 1338 1136 IlerdensiS,
1349 1107 1387 1129 ac
1404 1097 1541 1137 Hugoni
1556 1097 1692 1135 Meruli,
1707 1105 1779 1128 can.
1795 1096 1968 1128 valentin.
1987 1097 2222 1129 ecclesiarum.
2232 1097 2286 1138 (A.
2301 1098 2354 1135 27,

743 1154 766 1185 f.
783 1155 823 1186 50
842 1159 871 1190 ⁸3
892 1153 927 1185 V.
945 1154 996 1191 83,
1015 1161 1066 1193 ep.
1087 1154 1192 1192 1166.)

787 1204 927 1237 27484.
941 1226 978 1230 —
998 1206 1144 1248 θαὶῃοηί,
1165 1210 1239 1236 nato
1255 1215 1288 1237 η.
1304 1216 1333 1236 υ.
1353 1204 1461 1235 Pontii
1475 1204 1512 1235 de
1535 1203 1724 1236 Glanenasio
1737 1203 1807 1235 dmi
1823 1203 1859 1235 de
1872 1203 2073 1241 Lardarolio,
2090 1203 2162 1236 cler.
2182 1204 2270 1235 chori
2281 1202 2355 1237 eccl.

742 1261 928 1296 Aniciensis,
946 1261 1055 1301 gratia
1070 1269 1166 1300 exsp.
1185 1259 1297 1291 benef.
1315 1268 1376 1291 seu
1390 1259 1444 1291 off.
1463 1258 1687 1290 ecclesiastici
1706 1258 1861 1289 consueti
1879 1257 2014 1289 clericis
2034 1257 2188 1298 ejusdem
2204 1258 2286 1290 eccl.
2304 1266 2358 1290 as-

743 1315 872 1355 signari
888 1316 941 1355 (40
962 1314 985 1345 1.
1001 1315 1053 1354 t.).
1070 1331 1109 1336 —
1125 1314 1163 1345 In
1184 1322 1212 1345 e.
1232 1322 1276 1345 rn.
1300 1312 1414 1344 abbati
1435 1313 1582 1344 monast.
1601 1312 1642 1343 de
1659 1312 1742 1349 Doa,
1760 1311 1956 1343 Aniciensis
1973 1311 2033 1349 di.,
2049 1313 2083 1343 et
2100 1311 2208 1352 priori
2224 1311 2266 1343 de
2287 1311 2357 1344 Μο-

742 1368 892 1400 nasterio
921 1368 1088 1405 Anicien.,
1115 1375 1154 1399 ac
1183 1367 1320 1407 Hugoni
1345 1366 1480 1404 Meruli‚
1513 1374 1586 1397 can.
1617 1365 1794 1397 Vivarien.
1823 1365 1904 1397 eccl.
1934 1365 1986 1404 (A.
2013 1366 2066 1403 27,
2090 1365 2114 1398 f.
2132 1367 2172 1397 46
2189 1370 2219 1403 ⁸3
2247 1365 2284 1397 V.
2302 1365 2356 1404 8³,

743 1431 795 1462 ep.
814 1422 920 1462 1169.)

788 1473 925 1505 27485.
942 1494 980 1499 -
994 1475 1165 1510 Armando,
1182 1479 1256 1505 nato
1281 1485 1313 1505 η.
1328 1485 1356 1505 υ.
1373 1473 1539 1504 Eustachii
1560 1472 1631 1504 dan·
1645 1472 1682 1504 de
1706 1472 1847 1513 Αῐεςνίο,
1867 1472 2005 1504 collatio
2030 1481 2149 1504 canon.
2167 1472 2232 1504 sub
2256 1481 2353 1514 exsp.

741 1530 844 1570 prael).
866 1538 932 1562 non
949 1529 1172 1561 sacerdotalis
1188 1529 1270 1560 eccl.
1290 1527 1595 1560 Glaromontensis.
1611 1544 1648 1550 -
1665 1527 1704 1558 In
1719 1535 1748 1558 e.
1766 1535 1812 1558 m.
1831 1526 2013 1564 abbatibus
2027 1527 2174 1558 monast.
2190 1526 2353 1565 Casaedei,

742 1584 1036 1616 claromontensis
1057 1583 1117 1620 di.,
1135 1583 1168 1614 et
1193 1582 1307 1614 saecul.
1326 1591 1354 1613 s.
1370 1581 1511 1613 Genesii
1533 1580 1801 1616 Claromonten„
1825 1589 1863 1611 ac
1885 1579 2012 1612 archid.
2031 1577 2260 1613 Benascensis
2275 1580 2356 1613 Iler-

674 1652 677 1655 ’
742 1637 859 1669 densis
877 1637 1113 1669 ecclesiarum.
1130 1636 1183 1676 (A.
1199 1637 1250 1673 27,
1271 1635 1295 1666 f.
1313 1637 1353 1667 67
1371 1635 1401 1672 ¹³3
1425 1634 1460 1666 V.
1477 1636 1528 1672 83,
1546 1643 1598 1674 ep.
1619 1635 1724 1673 1206.)

786 1688 923 1721 27486.
942 1709 980 1714 --
994 1690 1034 1722 N.
1049 1701 1077 1722 υ.
1097 1689 1217 1728 Miloni,
1237 1689 1311 1720 d.no
1325 1689 1362 1720 de
1377 1687 1513 1725 Noeriis,
1532 1687 1717 1719 Senonensis
1737 1687 1793 1726 di.,
1813 1687 1985 1719 indultum
1999 1688 2038 1719 ut
2051 1687 2218 1719 Nicolaus
2234 1688 2276 1720 de
2294 1687 2356 1719 Εε-

740 1745 875 1783 trabiis,
908 1753 980 1776 can.
1014 1743 1253 1776 cabilonensis
1286 1743 1382 1780 eccl„
1403 1742 1477 1783 ejus
1503 1751 1591 1782 cap.,
1619 1741 1730 1782 ipsius
1759 1741 1936 1781 obsequiis
1961 1741 2152 1773 insistendo
2180 1742 2239 1773 aut
2268 1741 2355 1773 resi-

741 1799 850 1831 dendo
867 1799 902 1830 in
915 1799 1031 1838 aliquo
1047 1797 1292 1829 beneficiorum
1309 1796 1539 1831 obtentorum,
1557 1795 1755 1827 eorumdem
1772 1794 1885 1825 benef.
1908 1794 2040 1826 fructus
2060 1794 2190 1835 absque
2205 1795 2357 1827 residen-

739 1853 789 1884 tia
804 1853 846 1884 ad
861 1852 1049 1884 triennium
1067 1852 1243 1892 percipere
1257 1850 1381 1882 valeat.
1397 1868 1434 1872 -
1453 1849 1491 1880 In
1505 1858 1534 1880 e.
1551 1858 1597 1880 m.
1615 1845 1736 1880 abbati
1747 1849 1892 1880 monast.
1910 1857 1936 1879 s.
1952 1848 2146 1883 Genovefae,
2165 1850 2198 1880 et
2215 1849 2353 1887 decano,

741 1916 778 1938 ac
793 1906 1007 1938 thesaurario
1027 1905 1167 1945 capellae
1182 1905 1309 1944 regalis
1326 1903 1548 1935 Parisiensis.
1565 1903 1618 1943 (A.
1638 1904 1689 1940 27,
1708 1902 1731 1933 f.
1750 1903 1790 1933 69
1806 1901 1836 1940 ¹³;
1857 1901 1890 1934 V.
1910 1903 1961 1940 83,
1979 1910 2032 1942 ep.
2052 1903 2159 1942 1225.)

784 1958 923 1991 27487.
943 1978 981 1983 -
1005 1959 1057 1990 Ad
1070 1963 1253 2000 perpetuam
1269 1957 1315 1988 rei
1328 1957 1517 1988 memoriam.
1544 1956 1752 1988 Eximuntur
1770 1955 1875 1987 abbas
1900 1957 1933 1986 et
1957 1964 2054 1987 conv.
2077 1957 2223 1987 monast.
2249 1964 2278 1988 s.
2298 1956 2355 1988 Sa-

740 2015 823 2052 vini,
850 2015 889 2046 Ο.
911 2014 946 2046 S.
969 2014 1020 2050 B.,
1039 2013 1157 2044 Flsan.
1177 2012 1236 2048 di.,
1257 2021 1276 2043 a
1291 2011 1445 2052 quusvis
1461 2011 1617 2043 Romano
1637 2009 1796 2041 Pontifici
1813 2009 1988 2041 inferioris
2004 2009 2256 2049 jurisdictione,
2276 2018 2354 2042 cum

740 2068 875 2100 decreto
900 2068 935 2098 in
954 2076 1057 2099 causa
1073 2075 1187 2098 coram
1214 2065 1430 2097 auditoribus
1446 2065 1662 2096 diversorum
1684 2063 1889 2094 Pontificum
1904 2062 2070 2095 ventilata
2087 2064 2121 2095 et
2135 2064 2288 2095 vertente
2304 2063 2355 2095 in-

739 2122 791 2153 ter
814 2123 908 2161 ipsos
932 2121 1089 2152 abbatem
1111 2121 1143 2151 et
1164 2128 1274 2154 conv„
1294 2128 1337 2151 ex
1361 2127 1429 2150 una
1450 2119 1557 2158 parte,
1578 2119 1609 2149 et
1633 2117 1783 2156 priorem
1804 2125 1841 2148 ac
1860 2120 1955 2148 co'nV.
1975 2116 2082 2148 eremi
2100 2116 2352 2153 camaldulen..

739 2172 890 2208 Aretinae
905 2176 964 2213 di.,
983 2184 1024 2206 ex
1050 2175 1158 2206 altera
1172 2175 1279 2214 parte,
1306 2182 1367 2213 per
1388 2173 1479 2213 quod
1498 2172 1588 2203 idem
1605 2171 1711 2211 prior,
1730 2181 1762 2201 ιν
1781 2171 1958 2203 dumtaxat
1978 2171 2014 2202 in
2038 2170 2110 2203 ord.
2128 2170 2304 2203 monachis
2321 2172 2355 2203 et

740 2239 807 2262 uno
830 2229 966 2270 publico
992 2228 1125 2260 notario
1147 2228 1310 2263 sociatus,
1336 2227 1444 2258 semel
1466 2226 1614 2266 singulis
1639 2225 1738 2256 annis
1761 2225 1961 2264 praedictum
1984 2226 2132 2256 monast.
2157 2225 2300 2257 visitare
2319 2225 2355 2258 et

739 2284 1014 2323 procurationem
1029 2282 1179 2322 recipere
1200 2281 1411 2313 moderatam
1436 2279 1575 2316 valebit,
1593 2288 1660 2310 non
1683 2280 1798 2310 tamen
1819 2278 1988 2318 corrigere
2004 2278 2060 2309 vel
2081 2278 2215 2318 punire,
2232 2278 2354 2310 eodem

739 2337 948 2368 monasterio
970 2336 1072 2376 Papae
1093 2335 1222 2375 absque
1241 2335 1312 2366 ullo
1330 2334 1443 2365 medio
1465 2335 1535 2365 tam
1557 2333 1593 2364 in
1611 2332 1852 2372 spiritualibus
1877 2340 1979 2371 quam
2005 2331 2254 2372 temporalibus
2273 2331 2351 2364 sub·

735 2391 825 2430 jecto
846 2391 1054 2422 remanente.
1076 2389 1127 2429 (A.
1143 2391 1195 2426 27,
1211 2389 1234 2419 f.
1252 2389 1291 2419 83
1309 2393 1337 2425 ι;
1364 2387 1396 2418 V.
1413 2388 1465 2424 83,
1486 2396 1537 2427 ep.
1554 2387 1660 2425 1241.)

784 2441 923 2474 27488.
942 2460 980 2465 -
997 2443 1104 2473 Priori
1127 2442 1286 2473 saecularis
1307 2452 1332 2471 s.
1353 2440 1460 2472 Ursini
1478 2439 1664 2476 Bituricen.,
1688 2444 1716 2469 ec
1739 2438 1865 2476 decano,
1889 2448 1924 2469 ac
1941 2438 2065 2469 scolast.
2085 2438 2254 2469 Nivernen.
2277 2438 2350 2470 eccl.

739 2498 851 2528 mand.
871 2506 931 2537 pro
954 2496 1148 2536 receptione
1171 2495 1327 2536 Agnetis,
1346 2495 1431 2526 natae
1448 2503 1479 2525 n.
1504 2503 1535 2525 v.
1556 2492 1740 2525 Guillermi
1757 2492 1798 2523 de
1824 2492 1986 2523 Castellis
2007 2492 2080 2524 d.ni
2104 2493 2145 2524 de
2162 2493 2272 2533 Bony,
2289 2492 2350 2526 Ni-

738 2559 875 2582 vernen.
903 2551 962 2588 di.,
989 2550 1111 2590 puellae
1139 2550 1309 2586 litteratae,
1333 2549 1369 2579 in
1396 2556 1488 2579 mon.
1517 2547 1663 2578 monast.
1688 2545 1891 2577 monialium
1916 2546 1956 2577 de
1981 2546 2144 2584 Feritate,
2167 2546 2207 2578 Ο.
2234 2546 2270 2579 S.
2295 2546 2352 2585 B..

738 2604 847 2644 ejusd.
863 2604 908 2635 di.
926 2604 979 2644 (A.
994 2605 1046 2641 27,
1068 2603 1092 2634 f.
1110 2604 1168 2635 128
1181 2602 1211 2639 b;
1235 2602 1269 2632 V.
1288 2604 1339 2640 83,
1357 2610 1410 2642 ep.
1432 2602 1536 2638 1343.)

783 2654 921 2687 27489.
943 2675 981 2680 —
996 2657 1124 2697 Huqom'
1150 2656 1231 2687 dicto
1251 2655 1388 2686 oiseleur
1410 2655 1522 2686 collat.
1544 2662 1661 2685 canon.
1693 2652 1756 2684 sub
1782 2662 1877 2693 exsp.
1904 2652 2008 2693 praeb.
2028 2653 2108 2684 eccl.
2137 2661 2167 2684 s.
2189 2653 2284 2684 Petri
2309 2652 2351 2685 de

736 2711 944 2748 Gerbored0‚
969 2710 1150 2742 Belvacen.
1177 2709 1223 2740 di.
1241 2727 1279 2732 -—
1301 2709 1327 2740 I.
1349 2717 1377 2740 e.
1401 2717 1446 2739 m.
1467 2707 1541 2738 abb.
1569 2707 1714 2738 monast.
1738 2715 1766 2737 s.
1789 2706 1967 2738 Geremari
1991 2706 2031 2738 de
2047 2706 2219 2742 Flaviaco,
2239 2706 2348 2746 ejusd.

737 2765 797 2802 di.,
814 2766 847 2796 et
862 2764 971 2804 priori
985 2763 1159 2796 saecularis
1171 2772 1198 2794 s.
1216 2762 1336 2794 Ursini
1352 2762 1551 2799 Bituricen.,
1567 2770 1604 2792 ac
1617 2761 1766 2792 thesaur.
1784 2760 1951 2792 Morinen.
1971 2760 2052 2792 eccl.
2071 2761 2124 2799 (A.
2137 2761 2187 2797 27,
2199 2760 2224 2791 f.
2240 2761 2299 2792 129
2314 2764 2348 2797 ·;

772 2842 779 2850 .
842 2842 850 2855 ,
911 2842 918 2849 .
978 2819 996 2848 4
1021 2841 1029 2849 .

742 2819 1110 2903 V283433.1-3-5031nni
1124 2870 1208 2902 dicto
1225 2870 1362 2912 Lampen
1379 2879 1473 2910 prov.
1491 2878 1610 2901 canon.
1636 2868 1700 2900 sub
1718 2877 1814 2908 exsp.
1834 2867 1938 2908 praeb.
1956 2868 2083 2899 veteris
2098 2867 2179 2899 eccl.
2198 2876 2226 2899 s.
2249 2866 2349 2899 Pauli

736 2926 979 2958 Monasterien.
993 2942 1031 2947 —
1046 2925 1075 2957 Ι.
1092 2934 1120 2956 e.
1138 2933 1183 2956 m.
1208 2924 1335 2955 decano
1354 2925 1387 2955 et
1409 2923 1546 2955 scolast.
1572 2923 1759 2960 Susatien.,
1775 2922 1950 2954 Colonien.
1970 2921 2030 2957 di.,
2051 2930 2089 2952 ac
2106 2920 2290 2953 Ambrosio
2307 2920 2350 2952 de
2398 2922 2401 2923 ’

735 2980 940 3017 Mediolano,
959 2988 1032 3011 can.
1052 2978 1277 3010 Mediolanen.
1299 2978 1380 3009 eccl.
1403 2977 1453 3017 (V.
1473 2978 1524 3016 84,
1544 2985 1596 3018 ep.
1616 2978 1723 3016 2106.)
