2540 3496
155 422 259 448 Datum
278 414 464 448 Avenione.

151 523 167 550 1
185 521 270 556 (kal.)
288 529 356 556 auq.
380 520 468 548 1326.

255 566 285 593 Τ.
307 566 362 593 xi..

270 733 307 762 Ut
325 742 350 762 s.

214 778 245 805 r.
263 778 322 812 xn,
337 777 406 805 xlv,

271 1000 308 1029 Ut
327 1009 351 1028 s.

214 1046 244 1073 T.
266 1046 326 1079 XII,
346 1046 416 1073 XIV.

274 1270 309 1297 Ut
326 1278 349 1297 s.

219 1314 251 1341 T.
272 1314 318 1348 xl,
337 1314 409 1342 XIII.

274 1483 311 1512 Ut
329 1492 352 1511 s.

212 1528 242 1556 Τ.
260 1529 316 1562 ΧΧ,
336 1529 418 1557 xxn.

274 1698 310 1726 Ut
333 1706 356 1726 s.

254 1743 285 1770 T.
306 1743 377 1770 xvl.

279 2074 315 2101 Ut
335 2082 358 2100 s.

257 2118 288 2145 Τ.
310 2118 381 2146 XVI.

285 2235 320 2263 Ut
335 2244 359 2262 s.

246 2279 277 2307 Τ.
294 2279 398 2307 LXXX.

284 2448 319 2475 Ut
336 2456 359 2475 s.

272 2492 303 2519 T.
321 2492 375 2520 XX.

284 2821 320 2849 Ut
340 2829 363 2848 s.

273 2866 303 2892 T.
325 2865 383 2892 XII.

519 329 694 361 JOANNIS
718 330 836 361 PAPAE
858 330 960 360 XXII.
984 331 1233 370 (1316-1334).
1257 347 1295 352 --
1318 328 1504 359 LITTERAE
1527 326 1752 358 COMMUNES
2094 328 2154 361 275

600 516 735 548 26146.
755 536 792 540 -
810 519 845 550 S.
874 519 994 550 Thomae
1017 520 1055 550 de
1077 519 1224 550 Torcellis
1241 524 1310 551 ets.
1333 519 1496 550 Trinitatis
1518 519 1553 549 de
1574 517 1757 554 Brundullo,
1785 517 1926 558 Cluyien.
1946 516 2002 552 di.,
2025 521 2154 548 monast.

554 571 726 608 abbatibus,
749 582 784 602 ac
806 573 899 612 prior
920 572 954 603 S.
980 573 1021 604 M.
1042 572 1079 603 de
1103 573 1218 604 Vanlio
1233 573 1377 604 Paduan.
1395 573 1518 604 dantur
1537 574 1574 604 ut
1587 572 1720 612 judices
1736 572 1992 603 conservatores
2006 571 2048 602 ad
2061 570 2157 610 quin-

554 625 742 665 quennium
760 625 875 656 abbati
896 628 927 657 et
945 635 1041 656 conv.
1066 627 1266 658 monasterii
1289 635 1316 657 s.
1335 627 1434 658 Bonae
1457 626 1497 657 de
1525 626 1677 662 Vidorio,
1695 625 1733 657 O.
1761 625 1795 657 S.
1820 625 1872 662 B.,
1891 624 2091 656 cenetensis
2111 624 2156 655 di.

555 678 608 719 (A.
628 679 680 713 24,
696 678 718 709 f.
740 679 797 709 107
814 678 843 714 ὓ,
866 678 902 710 V.
919 680 970 715 81,
989 688 1041 718 ep.
1059 681 1140 711 2199
1153 681 1209 718 Α.)

602 728 736 761 26147.
755 749 795 754 —-
810 732 945 762 Roberto
958 732 994 762 de
1006 732 1107 767 Faxo,
1124 741 1196 764 can.
1217 733 1391 770 Remensi,
1414 733 1585 764 indultum
1602 734 1650 767 ut,
1669 732 1835 764 insistens
1852 731 2043 763 scolasticis
2059 731 2159 762 disci-

554 785 660 825 plinis
678 785 732 816 vel
750 785 904 816 residens
923 786 959 816 in
975 786 1048 816 loco
1065 794 1278 825 quocumque
1294 785 1352 816 ubi
1374 786 1441 825 ipsi
1458 786 1571 816 visum
1595 785 1708 821 fuerit,
1728 785 1860 817 fructus
1877 785 2029 817 omnium
2046 784 2159 816 benef.

556 847 696 870 suorum
722 839 852 878 integre
876 839 1044 878 percipiat
1063 839 1105 869 ad
1123 839 1395 878 quinquennium
1417 838 1544 878 absque
1565 839 1762 870 residentia.
1778 856 1815 861 —
1830 839 1858 870 I.
1875 847 1904 870 e.
1927 848 1970 870 m.
1991 838 2161 879 archiep-o

555 892 738 927 Tolosano‚
757 893 790 923 et
815 900 891 931 ep.o
919 891 1230 931 Carpentoratensi‚
1256 900 1293 922 ac
1316 891 1442 922 archid.
1466 892 1595 923 Reden.
1623 892 1658 922 in
1678 892 1759 923 eccl.
1782 892 2008 924 Narbonensi.
2033 892 2087 932 (A.
2109 893 2159 930 25,

556 946 579 977 f.
594 945 696 983 2951‘3
721 945 753 976 V.
770 946 822 983 81,
840 954 893 985 ep.
911 944 1020 981 2206.)

601 996 742 1029 26148.
759 1017 797 1022 -
814 999 898 1040 May.
922 997 1099 1029 Baimundo
1123 997 1160 1028 de
1182 997 1324 1038 Salquis,
1348 1006 1419 1029 can.
1444 998 1616 1034 ovetensi,
1638 999 1681 1030 D.
1700 999 1754 1036 D.,
1776 999 1896 1031 indult.
1915 1001 1962 1036 ut,
1977 999 2163 1031 Raimundi

556 1053 624 1092 ep.i
650 1052 869 1084 Cassinensis
886 1051 1063 1091 obsequiis
1081 1051 1246 1082 insistens
1270 1051 1323 1082 vel
1345 1051 1537 1082 scolasticis
1564 1052 1758 1091 disciplinis
1783 1053 1819 1083 in
1839 1052 1913 1084 loco
1931 1052 1989 1083 ubi
2011 1052 2163 1083 studium

556 1106 713 1147 generale
735 1106 848 1146 vigeat
865 1105 1069 1143 immorans,
1084 1104 1215 1135 fructus
1230 1106 1380 1135 omnium
1398 1104 1509 1135 benef.
1529 1113 1668 1135 suorum
1686 1105 1728 1136 ad
1744 1105 1928 1137 triennium
1945 1106 2074 1146 integre
2088 1114 2160 1146 per-

556 1160 670 1200 cipiat.
689 1177 728 1183 —
743 1160 770 1191 I.
788 1167 818 1190 e.
841 1168 886 1190 m.
905 1167 981 1199 ep.o
1006 1158 1216 1195 caturcensi,
1242 1159 1275 1189 et
1296 1157 1423 1189 archid.
1444 1158 1484 1188 de
1510 1158 1646 1198 Figiaco
1660 1158 1851 1196 Caturcen„
1869 1168 1907 1190 ac
1923 1159 2107 1191 Guillelmo
2123 1159 2164 1190 de

557 1213 743 1251 Rofilhaoo,
758 1222 831 1244 can.
849 1212 1106 1244 Lemovicensis
1122 1212 1203 1243 eccl.
1220 1211 1272 1251 (A.
1291 1213 1342 1248 25,
1360 1211 1383 1242 f.
1403 1213 1462 1242 320
1475 1216 1489 1232 ³
1499 1221 1508 1247 ;
1534 1211 1567 1241 V.
1585 1213 1636 1248 81,
1654 1220 1707 1251 ep.
1723 1212 1830 1251 2260.)

604 1263 740 1296 26149.
757 1285 794 1290 -
813 1266 908 1297 Petro
923 1270 998 1296 nato
1016 1264 1112 1296 Pauli
1129 1265 1166 1296 de
1185 1265 1320 1296 Ciuitate
1336 1264 1514 1296 Castellana
1527 1274 1622 1304 prov.
1638 1273 1756 1296 canon.
1773 1265 1836 1296 sub
1854 1274 1949 1306 exsp.
1963 1265 2066 1306 praeb.
2083 1266 2163 1297 eccl.

557 1322 592 1353 S.
606 1321 650 1352 M.
669 1320 836 1352 Rotundae
848 1320 888 1351 de
902 1319 1004 1352 Urbe.
1020 1338 1058 1342 —
1074 1320 1102 1350 Ι.
1119 1327 1147 1351 e.
1167 1327 1213 1349 m.
1229 1318 1401 1358 archiep.o
1420 1318 1657 1358 Neapolitano,
1675 1319 1708 1349 et
1721 1318 1834 1350 abbati
1850 1320 1995 1350 monast.
2011 1328 2038 1350 s.
2055 1319 2166 1356 Pauli,

559 1375 592 1406 et
610 1374 792 1405 Alberucio
807 1373 951 1405 Joannis
969 1372 1132 1410 Bobenis,
1158 1381 1231 1404 can.
1260 1372 1412 1403 basilicae
1431 1371 1598 1411 principis
1615 1372 1847 1411 apostolorum
1865 1372 1905 1404 de
1921 1372 2023 1404 Urbe.
2044 1372 2097 1411 (A.
2114 1374 2166 1409 25,

561 1428 586 1459 f.
605 1429 667 1460 320
688 1427 718 1463 ¹’3
741 1427 776 1459 V.
800 1428 852 1465 81,
871 1436 925 1468 ep.
941 1427 1050 1465 2272.)

604 1478 744 1512 26150.
765 1499 802 1504 -
818 1479 947 1512 Isabelli
965 1480 1079 1520 reqinae
1097 1479 1220 1520 Anqliae
1235 1479 1406 1510 indultum
1424 1480 1461 1510 ut
1477 1488 1536 1510 vm
1555 1479 1649 1514 cler„
1672 1478 1746 1519 ejus
1765 1479 1940 1519 obsequiis
1957 1480 2167 1519 insistentem,

560 1535 692 1567 fructus
709 1535 862 1566 omnium
881 1534 993 1566 benef.
1011 1542 1152 1565 suorum
1171 1533 1212 1564 ad
1228 1533 1501 1573 quinquennium
1522 1533 1652 1573 integre
1666 1533 1869 1573 percipiant.
1886 1549 1924 1554 —
1942 1533 1969 1564 I.
1989 1542 2017 1565 e.
2030 1542 2075 1564 m.
2094 1542 2169 1573 ep.o

560 1588 827 1625 Winctoniensi‚
842 1590 875 1619 et
892 1597 920 1619 s.
937 1587 1103 1619 Germani
1119 1587 1160 1618 de
1179 1587 1295 1618 Pratis
1310 1595 1416 1627 prope
1430 1586 1586 1617 parisius
1603 1595 1640 1617 ac
1652 1586 1693 1618 de
1705 1586 2026 1622 Vestimonasterio,
2043 1586 2173 1618 Londo-

561 1642 694 1674 niensis
711 1642 770 1678 di.,
786 1642 934 1673 monast.
947 1640 1140 1673 abbatibus.
1162 1640 1214 1679 (A.
1229 1641 1282 1679 25,
1300 1640 1322 1671 f.
1344 1641 1403 1672 330
1420 1645 1448 1676 ²3
1472 1639 1504 1671 V.
1521 1641 1572 1677 81,
1588 1648 1640 1679 ep.
1656 1641 1762 1678 2275.)

607 1693 747 1726 26151.
772 1714 810 1718 —
834 1694 941 1726 Priori
952 1695 1091 1736 fratrum
1119 1693 1188 1725 ord.
1218 1693 1463 1724 Praedicator-um
1487 1693 1662 1730 Frisacen„
1684 1693 1905 1734 Salzeburqen.
1923 1692 1979 1731 di.,
2003 1694 2116 1725 mand.
2137 1695 2173 1725 ut

561 1750 733 1790 permutet
751 1751 869 1780 votum
889 1758 949 1789 per
971 1748 1193 1780 Fredericum
1210 1748 1251 1779 de
1267 1747 1453 1785 Chotwico,
1468 1747 1509 1779 D.
1527 1748 1583 1783 D.‚
1602 1746 1764 1778 clericum
1784 1747 1991 1778 familiarem
2012 1747 2174 1788 archiep.i

562 1802 856 1843 salzeburgensis
875 1802 957 1834 olim
972 1802 1140 1834 minorem
1154 1801 1253 1832 annis
1267 1801 1485 1838 existentem,
1498 1809 1565 1832 non
1580 1809 1640 1840 pro
1657 1809 1705 1838 se,
1720 1801 1781 1832 sed
1795 1801 1869 1832 vice
1885 1801 2061 1841 quusdam
2073 1801 2175 1832 amici

563 1857 618 1888 sui
632 1857 673 1888 de
688 1856 858 1888 visitando
878 1856 911 1887 in
931 1855 1023 1887 Urbe
1041 1855 1276 1895 apostolorum
1294 1855 1416 1886 limina
1433 1855 1611 1891 emissum,
1628 1854 1812 1886 dummodo
1830 1854 1904 1894 ipse
1914 1855 2045 1886 tantum
2061 1854 2174 1886 mittat

564 1910 760 1942 Camerario
773 1911 874 1950 Papae
885 1909 921 1940 in
933 1908 1127 1940 subsidium
1144 1908 1298 1940 fidelium
1310 1908 1547 1939 resistentium
1563 1908 1642 1939 fidei
1657 1907 1814 1939 hostibus
1829 1909 1861 1939 et
1875 1908 1914 1939 E.
1930 1908 1972 1940 R.
1988 1907 2175 1939 rebellibus

563 1964 832 1995 convertendum
856 1964 1022 2003 quantum
1040 1970 1255 2003 expensurus
1277 1963 1369 1993 esset
1389 1962 1479 1993 dicta
1498 1962 1621 1993 limina
1636 1961 1806 1993 visitando
1823 1962 1856 1993 et
1873 1961 2045 1993 redeundo
2061 1962 2175 1994 Salze-

565 2017 720 2057 burgam.
738 2017 790 2057 (A.
810 2018 860 2053 25,
876 2017 899 2048 f.
917 2018 976 2048 335
991 2016 1021 2053 ¹³3
1043 2015 1077 2046 V.
1092 2017 1143 2054 81,
1162 2025 1214 2055 ep.
1231 2017 1336 2052 2311.)

610 2068 750 2101 26152.
768 2088 807 2093 -
821 2070 908 2111 Epa
918 2069 1099 2101 Laudunen.
1111 2069 1225 2101 mand.
1241 2068 1523 2108 utJoannipriori
1536 2069 1708 2108 prioratus
1723 2069 1763 2100 de
1773 2068 2015 2109 erignicurt‚
2025 2069 2064 2101 O.
2077 2069 2111 2101 S.
2123 2069 2175 2106 13„

566 2133 636 2156 suae
655 2124 714 2161 di.,
736 2124 873 2155 restitui
890 2123 992 2155 faciat
1008 2123 1246 2164 possessiones
1260 2123 1292 2154 et
1306 2122 1385 2162 jura
1404 2122 1445 2153 ad
1461 2122 1654 2162 prioratum
1670 2122 1870 2162 praedictum
1886 2122 2074 2163 spectantia
2089 2123 2122 2154 et
2135 2122 2177 2153 ab

566 2177 740 2218 aliquibus
758 2177 909 2209 indebite
928 2178 1102 2216 occupata.
1119 2176 1174 2217 (A.
1194 2178 1245 2215 25,
1264 2176 1287 2207 f.
1307 2177 1367 2208 348
1383 2175 1412 2214 ῦς
1438 2175 1474 2207 V.
1494 2177 1544 2213 81,
1570 2185 1620 2216 ep.
1639 2177 1745 2215 2325.)

611 2229 752 2261 26153.
771 2248 811 2254 -
828 2231 915 2272 Ep.o
942 2230 1104 2261 Tarviensi
1122 2230 1234 2261 mand.
1263 2232 1299 2261 ut
1320 2230 1474 2270 singulas
1492 2230 1574 2260 eccl.
1597 2229 1696 2269 juxta
1711 2229 1847 2261 constit.
1867 2238 1969 2270 super
1983 2230 2178 2270 pluralitate

566 2285 677 2316 benef.
696 2293 755 2324 per
771 2286 920 2316 rectores
934 2283 1070 2324 paroch.
1089 2283 1168 2315 eccl.
1188 2283 1388 2315 Tarviensis
1408 2283 1455 2314 di.
1474 2283 1694 2314 renunciatas
1711 2283 1807 2315 uniat
1821 2283 1968 2324 singulis
1979 2284 2179 2324 parochiali-

565 2339 631 2372 bus
645 2339 726 2370 eccl.
742 2337 940 2378 praelibatis,
960 2337 1002 2369 ab
1028 2338 1114 2369 eisd.
1134 2337 1325 2369 rectoribus
1343 2337 1496 2374 retentis,
1519 2346 1594 2368 cum
1619 2337 1747 2377 quihus
1760 2336 1802 2368 ab
1819 2337 1870 2368 eis
1888 2337 2100 2373 tenebantur,
2117 2347 2178 2378 pro

567 2391 815 2423 sustentatione
832 2392 1003 2422 rectorum
1020 2391 1231 2422 eorumdem.
1253 2390 1307 2431 (A.
1326 2392 1377 2426 25,
1395 2390 1419 2421 f.
1438 2392 1498 2422 376
1513 2395 1544 2428 ²3
1568 2390 1600 2420 V.
1616 2392 1665 2427 81,
1683 2399 1735 2430 ep.
1751 2390 1859 2430 2350.)

612 2441 751 2475 28154.
774 2462 812 2468 --
831 2444 1008 2476 Βενίναηιίο
1023 2454 1047 2475 s.
1066 2443 1210 2475 Marcelli
1223 2443 1324 2485 presb.
1345 2443 1446 2483 card„
1465 2443 1504 2475 A.
1519 2444 1555 2475 S.
1575 2443 1690 2484 leyato,
1707 2444 1850 2475 facultas
1864 2443 2063 2476 absolvendi
2078 2444 2180 2476 Uber·

566 2499 675 2530 tinum
693 2499 733 2530 de
749 2498 840 2530 Salis
856 2498 1008 2530 Brixien.
1027 2497 1069 2530 ab
1083 2506 1214 2530 excom.
1229 2498 1399 2530 sententia
1415 2498 1449 2528 in
1466 2506 1544 2529 eum
1562 2498 1631 2529 lata
1646 2506 1665 2529 a
1681 2497 1880 2537 Napoleone
1896 2506 1923 2529 s.
1935 2498 2078 2529 Adriani
2092 2498 2178 2529 diac.

567 2554 671 2589 card.,
690 2553 771 2584 tunc
786 2552 822 2583 in
833 2551 941 2583 Italiae
959 2551 1115 2591 partibus
1131 2552 1173 2583 A.
1190 2551 1224 2583 S.
1243 2551 1367 2592 legato,
1385 2552 1526 2591 propter
1542 2560 1586 2591 qu
1594 2551 1702 2582 aedam
1719 2551 1843 2582 damna
1858 2551 1893 2582 in
1910 2550 2062 2582 Marchia
2076 2551 2181 2582 Anco·

567 2606 685 2637 nitana
701 2605 809 2643 illata,
826 2605 953 2645 praevia
973 2604 1210 2636 satisfactione
1227 2605 1397 2636 dictorum
1413 2605 1629 2641 damnorum,
1648 2613 1725 2636 cum
1743 2605 1855 2635 mand.
1877 2605 1914 2635 ut
1929 2604 2056 2644 Papam
2075 2604 2177 2635 infor-

568 2661 637 2691 met
654 2659 695 2690 de
715 2667 819 2690 causa
838 2658 1069 2690 restitutionis
1084 2658 1199 2698 petitae
1217 2658 1258 2689 ab
1277 2659 1396 2689 eodem
1414 2657 1579 2690 Ubertino
1603 2659 1644 2688 ad
1663 2658 1779 2689 omnia
1796 2657 1884 2689 bona
1901 2666 1973 2694 sua,
1988 2657 2133 2688 honores
2147 2658 2180 2688 et

568 2713 753 2753 dignitates
770 2712 897 2752 quibus
914 2721 975 2752 per
996 2712 1175 2752 praefatum
1191 2712 1425 2752 Napoleonem
1442 2712 1599 2752 privatus
1621 2712 1746 2742 fuerat.
1764 2710 1817 2751 (A.
1839 2712 1892 2749 25,
1909 2710 1932 2741 f.
1949 2712 2008 2742 373
2023 2710 2052 2747 ¹³5
2076 2710 2108 2742 V.
2128 2711 2178 2749 81,

569 2776 623 2808 ep.
641 2768 748 2805 2380.)

616 2817 752 2849 26155.
767 2838 806 2842 —
823 2818 943 2850 Tiberio
959 2828 1030 2860 ep.o
1046 2823 1076 2850 et
1092 2819 1187 2860 capit.
1207 2819 1363 2854 Brixien„
1381 2829 1416 2849 ac
1431 2818 1512 2849 clero
1526 2818 1609 2849 civit.
1630 2822 1658 2848 el
1669 2817 1713 2848 di.
1730 2817 1886 2856 Brixiam,
1906 2816 1965 2856 qui
1981 2816 2023 2848 ob
2036 2816 2181 2848 rebelles

573 2874 614 2905 R.
633 2874 672 2904 E.
692 2872 957 2904 necessitatibus
977 2874 1110 2913 urgent,
1135 2873 1361 2904 conceduntur
1383 2872 1521 2903 termini
1543 2872 1583 2902 ad
1607 2871 1788 2902 solvendas
1809 2870 2010 2901 sexennales
2033 2870 2181 2901 decimas

572 2935 632 2966 per
651 2926 862 2958 Clementem
885 2926 1014 2965 Papam
1032 2926 1064 2958 V
1087 2925 1280 2965 impositae,
1304 2925 1434 2957 scilicet
1457 2933 1517 2964 pro
1540 2925 1650 2964 prima
1672 2923 1854 2955 medietate
1876 2923 2032 2963 ipsarum
2049 2923 2181 2955 instans

572 2979 699 3011 festum
714 2979 914 3011 Nativitatis
929 2979 1080 3016 Domini,
1104 2980 1137 3010 et
1152 2987 1213 3019 pro
1227 2979 1362 3018 reIIqua
1375 2978 1556 3010 medietate
1572 2977 1684 3008 simile
1701 2976 1828 3008 festum
1845 2976 1939 3008 aliud
1954 2976 2179 3017 subsequens.

575 3034 629 3071 (A.
650 3034 700 3067 25,
718 3032 740 3063 f.
760 3034 820 3064 365
838 3031 870 3069 ¹³;
895 3031 928 3063 V.
945 3033 996 3069 81,
1014 3041 1064 3072 ep.
1083 3033 1189 3070 2381.)
