2540 3496
334 362 393 391 276

364 449 466 476 lunium
490 441 673 476 Avenione.

364 552 377 577 Ι
397 550 480 581 (kal.)
498 557 564 582 auq.
586 546 672 574 4326.

459 594 488 620 T.
509 593 577 620 xlv.

479 759 512 786 Ut
531 768 554 785 s.

450 804 480 830 T.
499 804 578 830 XXX.

473 1078 507 1106 ut
526 1087 549 1105 s.

420 1123 450 1150 T.
468 1123 513 1155 xl,
532 1122 601 1149 xiil.

470 1292 504 1319 Ut
525 1300 548 1320 s.

473 1614 507 1641 Ui.
528 1623 551 1641 s,

435 1659 466 1685 T.
487 1659 580 1686 XXIV.

469 1829 504 1856 Ut
524 1838 547 1856 s.

415 1875 444 1901 T.
462 1875 506 1908 XI,
525 1876 594 1902 xlii.

468 2045 503 2072 Ut
521 2054 544 2071 s.

410 2090 440 2116 T.
462 2090 507 2124 Χι,
529 2090 602 2118 xm.

471 2259 503 2285 Ul
520 2268 541 2285 s.

420 2304 451 2330 T.
471 2304 516 2335 XI,
532 2305 602 2331 XIII.

465 2473 497 2500 Ui
517 2482 540 2500 s.

400 2518 429 2543 T.
452 2517 544 2550 MMC;
565 2519 610 2546 Gr.

468 3011 497 3037 ΕΙ
522 3019 545 3038 s.

401 3056 431 3082 T.
448 3056 505 3084 XV.
524 3056 606 3083 XVII.

729 353 902 385 JOANNIS
927 352 1044 383 PAPAE
1067 350 1167 381 XXII.
1193 349 1442 390 (1316-1334).
1466 366 1504 371 —
1527 347 1714 378 LITTERAE
1737 347 1964 380 COMMUNE'S

804 541 937 574 26156.
959 560 996 565 —
1012 542 1103 572 Petro
1127 540 1241 578 Alrici,
1268 539 1440 577 Mimaten„
1459 543 1486 570 et
1504 538 1646 570 Arnaldo
1670 539 1705 569 de
1732 538 1852 575 Roscio.
1875 539 2083 578 Xanctonen„
2101 551 2138 573 ac
2159 542 2313 575 Aimerico
2328 544 2366 575 de

759 597 927 633 Noallzaco,
951 596 1121 635 Linqonen.
1147 594 1221 624 eccl.
1249 603 1332 630 can„
1357 592 1598 624 collectoribus
1620 592 1829 624 decimarum
1858 594 2096 627 sexennalium
2121 603 2182 636 per
2209 596 2365 630 Clemen-

759 654 825 683 tem
844 651 883 681 P.
902 650 937 681 P.
955 650 983 680 V
998 648 1237 687 impositarum
1254 647 1288 677 in
1306 646 1413 683 civit.‚
1436 646 1482 676 di.
1501 647 1533 677 et
1552 645 1729 686 provincia
1745 646 2062 680 Mediolanensibus
2076 657 2138 689 per
2153 649 2188 681 S.
2202 650 2243 682 Δ.
2261 650 2365 691 depu-

758 705 848 739 tatis,
866 703 1044 734 mandatur
1059 700 1219 741 praedicta
1232 699 1417 731 concessio.
1431 699 1486 739 (A.
1508 700 1559 736 25,
1578 699 1601 730 f.
1617 701 1677 730 377
1693 698 1723 735 ¹³,
1745 699 1780 731 V.
1797 701 1850 736 81,
1867 708 1919 740 ep.
1935 701 2045 742 2382.)

801 754 939 786 26157.
955 773 993 778 -—
1007 754 1113 785 Priori
1124 753 1162 784 B.
1178 753 1221 784 M.
1235 752 1407 790 Deam-acm,
1426 756 1455 783 et
1471 750 1590 783 archid.
1611 751 1809 794 Villaelonyae,
1825 763 1862 784 ac
1875 753 2003 795 Huqoni
2017 754 2055 786 de
2070 754 2280 797 Deopamalffi
2296 766 2364 788 can.

757 809 829 842 eccl.
851 809 1019 845 Tolosanae,
1036 807 1150 839 mand.
1168 808 1285 838 contra
1307 805 1491 837 nonnullos
1509 806 1672 843 rectores,
1687 806 1821 846 priores
1836 807 1870 838 et
1889 807 2187 841 administratores
2203 809 2364 842 ecclesia-

757 872 844 901 rum,
868 863 1080 902 prioratuum
1101 862 1135 892 et
1156 859 1399 891 beneficiorum
1415 858 1505 890 infra
1520 859 1606 890 fines
1623 859 1917 892 archidiaconatus
1934 861 1975 893 de
1994 861 2153 894 Lautrico
2170 862 2207 894 in
2221 863 2366 895 ecclesia

757 917 892 948 Albien.
910 915 1183 951 consistentium,
1203 913 1285 945 olim
1304 913 1339 944 in
1356 912 1402 943 di.
1419 912 1589 950 Albiensi,
1605 921 1695 944 nunc
1711 915 1824 944 autem
1839 915 1917 954 post
1929 914 2135 947 divisionem
2148 915 2365 957 episcopatus

757 970 931 1002 Albiensis
946 970 980 1000 in
997 969 1041 999 di.
1061 967 1236 999 Castrensi
1252 965 1489 1003 existentium,
1506 965 1564 1006 qui
1578 967 1746 1006 praetextu
1759 966 1955 1007 hujusmodi
1970 968 2152 1000 divisionis
2164 969 2244 1009 Jura
2259 969 2364 1002 archi-

756 1024 896 1055 diacono
915 1023 955 1054 de
969 1021 1128 1053 Lautrico
1146 1019 1260 1051 debita
1275 1019 1407 1050 solvere
1425 1021 1596 1050 recusant.
1614 1019 1668 1060 (Α.
1684 1021 1736 1058 25,
1755 1020 1777 1051 f.
1794 1020 1854 1052 389
1866 1025 1896 1056 ⁸3
1921 1020 1955 1051 V.
1973 1022 2024 1059 81,
2043 1030 2096 1062 ep.
2114 1022 2220 1062 2383.)

801 1073 936 1106 26158.
955 1094 993 1099 -
1007 1075 1123 1107 Joanni
1139 1073 1248 1105 Jacobi
1274 1072 1309 1103 de
1332 1071 1497 1110 Arabon-h,
1516 1072 1597 1104 cler.
1620 1073 1819 1105 Bremensis
1835 1073 1896 1112 di.,
1914 1075 2023 1114 gratia
2039 1083 2134 1116 exsp.
2153 1074 2266 1108 benef.
2287 1085 2317 1108 c.
2335 1086 2365 1108 c.

755 1131 808 1162 vel
825 1130 866 1171 (s.
882 1139 909 1161 c.
926 1131 963 1160 15
981 1128 1107 1160 march.
1126 1128 1210 1167 arg.)
1236 1127 1270 1157 in
1295 1126 1388 1157 civit.
1404 1125 1458 1157 vel
1474 1126 1520 1156 di.
1538 1125 1773 1166 Salzburgen.,
1794 1127 1999 1167 pertinentis
2014 1128 2058 1160 ad
2069 1128 2183 1161 collat.
2200 1129 2366 1170 archiep.i

755 1183 1027 1222 salzburgensis.
1046 1199 1085 1204 —
1108 1182 1133 1212 Ι.
1153 1190 1182 1212 e.
1201 1189 1245 1211 m.
1263 1189 1340 1220 ep.o
1356 1179 1590 1217 olomucensi,
1615 1181 1650 1211 et
1673 1179 1799 1211 archid.
1824 1180 2036 1220 Olomucen.,
2054 1190 2092 1213 ac
2112 1191 2200 1223 mag.
2223 1183 2365 1215 Nicolao

754 1239 794 1269 de
809 1236 1052 1277 Campobasso,
1071 1244 1143 1266 can.
1162 1233 1395 1266 Sati-lanensis
1412 1233 1493 1264 eccl.
1512 1233 1565 1274 (Α.
1583 1234 1635 1271 25,
1651 1233 1674 1264 f.
1691 1235 1751 1265 396
1768 1233 1797 1271 b;
1819 1234 1855 1266 V.
1874 1235 1926 1272 81,
1946 1243 2000 1275 ep.
2015 1236 2122 1276 2391.)

799 1288 936 1321 26159.
951 1308 990 1312 -
1004 1289 1173 1330 ΑνεΙιίερ.ο
1191 1288 1306 1318 Pisano
1322 1287 1435 1318 mand.
1451 1288 1489 1318 ut
1504 1287 1682 1327 dispenset
1697 1287 1890 1320 Marianum
1901 1288 1943 1320 de
1959 1288 2115 1329 Crapona
2127 1291 2161 1321 et
2177 1298 2210 1321 n.
2227 1299 2273 1322 m.
2293 1289 2364 1322 Pu-

752 1346 836 1377 tiam
851 1346 964 1376 natam
983 1342 1162 1376 Guillelmi
1179 1341 1279 1373 Bulla
1294 1341 1335 1372 de
1350 1340 1532 1378 Gualanni,
1550 1340 1673 1372 militis
1687 1341 1817 1378 Pisani,
1832 1341 1875 1373 ad
1891 1342 2150 1374 matrimonlum
2168 1343 2363 1376 contrahen-

753 1400 846 1435 dum,
865 1407 930 1429 non
947 1397 1034 1429 obst.
1056 1396 1146 1436 quod
1162 1395 1290 1427 dudum
1307 1395 1426 1426 Bettus
1444 1394 1587 1432 Scione,
1604 1394 1690 1425 civis
1713 1394 1875 1432 Pisanus,
1897 1403 1959 1435 pro
1978 1395 2078 1428 Lotto
2099 1397 2179 1428 nato
2194 1405 2269 1436 suo,
2284 1398 2365 1430 tunc

753 1453 902 1484 nondum
919 1453 954 1482 in
966 1455 1043 1481 v11¹·¹0
1060 1449 1197 1481 nuncin
1212 1453 1275 1480 x11·
1289 1457 1377 1479 anno
1393 1448 1589 1483 constituto,
1609 1456 1690 1479 cum
1707 1448 1798 1480 dicta
1811 1449 1926 1486 Putia‚
1942 1450 2024 1481 tunc
2035 1450 2161 1481 minori
2174 1450 2365 1491 quinquen-

754 1507 820 1544 nio,
840 1505 1014 1545 sponsalia
1031 1503 1256 1538 convenisset,
1276 1503 1309 1533 et
1326 1502 1408 1533 dicti
1423 1501 1602 1533 Marianus
1620 1510 1658 1532 ac
1673 1502 1793 1534 Lottus
1811 1502 1912 1534 tertio
1930 1502 1999 1534 sint
2015 1503 2239 1544 consanguin.
2254 1504 2363 1545 gradu

752 1559 932 1600 conjuncti.
950 1558 1005 1599 (V.
1024 1559 1075 1595 81,
1092 1565 1144 1597 ep.
1163 1557 1271 1594 2490.)

797 1610 931 1642 26160.
950 1631 988 1635 -
1008 1611 1148 1642 Theatin.
1162 1614 1191 1640 et
1207 1608 1398 1650 Forojulien.
1413 1609 1502 1649 ep.is‚
1515 1618 1550 1639 ac
1561 1608 1682 1639 loanni
1694 1608 1730 1639 de
1746 1608 1930 1649 Vinacmio,
1941 1619 2010 1641 can.
2026 1609 2238 1647 Suessionen.,
2249 1611 2361 1643 mand.

752 1670 789 1699 ut
811 1666 993 1698 Laurentio
1010 1664 1139 1697 Velluti
1159 1664 1200 1695 de
1215 1663 1333 1701 Stella,
1357 1663 1440 1694 cler.
1465 1662 1669 1694 Ambianen.
1694 1663 1754 1700 di.,
1778 1663 1954 1695 conferant
1971 1672 2091 1696 canon.
2109 1665 2143 1696 et
2158 1663 2264 1705 praeb.
2280 1665 2363 1697 eccl.

753 1731 780 1752 s,
796 1720 975 1761 Gaugerici
992 1717 1249 1751 Cameracensis
1264 1718 1341 1757 post
1354 1716 1486 1748 obitum
1506 1717 1640 1748 Nicolai
1664 1716 1839 1749 Baschetti
1855 1717 1896 1748 de
1910 1717 2095 1749 Cameraco
2112 1726 2173 1758 per
2185 1718 2225 1750 P.
2240 1718 2280 1750 P.
2295 1718 2365 1750 dis-

720 1774 722 1776 ’
752 1776 854 1815 posit.
871 1783 939 1806 suae
954 1774 1145 1805 reservatae.
1164 1771 1215 1810 (A.
1234 1772 1286 1806 25,
1305 1770 1327 1803 f.
1347 1771 1407 1802 450
1422 1775 1453 1808 ας
1474 1770 1511 1802 V.
1523 1772 1575 1808 81,
1593 1779 1646 1810 ep.
1664 1771 1772 1809 2504.)

795 1825 932 1857 26161.
949 1845 989 1849 -
1003 1825 1161 1857 Bur-cardo
1173 1824 1210 1856 de
1220 1824 1391 1860 Dirbelzim,
1406 1824 1530 1856 rectori
1543 1824 1682 1864 paroch.
1700 1824 1782 1855 eccl.
1801 1833 1829 1854 s.
1846 1824 1939 1856 Petri
1954 1824 2109 1856 Senioris
2123 1825 2362 1866 Argentinen„

751 1891 845 1922 prov.
868 1890 984 1913 canon.
1002 1880 1066 1912 sub
1081 1888 1176 1920 exsp.
1195 1878 1298 1919 praeb.
1319 1878 1400 1910 eccl.
1425 1878 1679 1919 Rynaugensis,
1704 1878 1967 1918 Argentinensis
1982 1878 2030 1910 di.
2049 1879 2127 1910 -L
2146 1887 2175 1911 e.
2194 1887 2242 1911 m.
2255 1887 2360 1920 praep.

719 1920 721 1930 Χ
751 1938 782 1967 et
796 1936 921 1967 decano
937 1944 964 1966 s.
981 1934 1073 1966 Petri
1089 1933 1323 1973 Argentinen.‚
1337 1941 1375 1963 ac
1385 1933 1404 1963 J
1408 1931 1512 1963 acobo
1525 1931 1566 1963 de
1582 1932 1727 1969 Mutina,
1742 1940 1814 1963 can.
1828 1931 2045 1964 Cameracen.
2061 1932 2156 1970 eccl„
2170 1932 2274 1974 Papae
2286 1941 2360 1974 cap.

749 1990 804 2030 (A.
821 1990 873 2027 25,
887 1989 910 2020 f.
928 1990 986 2021 491
1006 1993 1035 2026 ⁸;
1061 1987 1095 2018 V.
1114 1988 1166 2025 81,
1186 1995 1239 2027 ep.
1258 1987 1366 2025 2572.)

793 2041 932 2072 26162.
948 2060 987 2065 -
1003 2041 1119 2072 loanni
1139 2045 1212 2071 nato
1234 2039 1349 2081 quoad.
1367 2039 1505 2071 canonis
1525 2038 1602 2070 dicti
1620 2038 1762 2080 Gemite,
1776 2048 1849 2071 can.
1870 2039 1953 2070 eccl.
1970 2038 2193 2080 Surburgen.‚
2207 2039 2364 2081 Argenti-

750 2106 826 2129 nen.
845 2097 904 2134 di.,
922 2096 1049 2128 similis
1065 2095 1174 2136 gratia
1189 2095 1225 2126 in
1242 2094 1324 2125 eccl.
1351 2102 1379 2124 s.
1405 2093 1499 2125 Petri
1522 2093 1798 2134 Argentinensis.
1815 2094 1853 2115 -‘-
1868 2093 1895 2123 Ι.
1912 2102 1943 2124 e.
1960 2101 2005 2124 m.
2026 2093 2158 2125 cantori
2174 2092 2362 2126 Luoombn„

717 2179 718 2198 ζ
750 2151 874 2189 oensis,
899 2150 1061 2182 Basilien.
1086 2149 1147 2186 di.,
1171 2150 1204 2180 et
1229 2147 1378 2180 thesaur.
1406 2147 1627 2187 Argentinen.
1660 2146 1755 2185 eccl„
1780 2155 1817 2178 ac
1842 2146 1969 2178 Jacobo
1995 2147 2204 2187 supradicto.
2230 2146 2285 2187 (A.
2307 2148 2361 2183 2⁶,

716 2199 719 2247 j
751 2207 774 2236 s.
791 2207 849 2236 491
871 2210 899 2242 ⁸3
925 2204 960 2235 V.
983 2205 1035 2242 81,
1052 2212 1105 2243 ep.
1121 2202 1229 2243 2573.)
2099 2195 2102 2199 ·

794 2256 931 2288 26163.
952 2275 987 2280 -
1010 2256 1164 2288 Willelmo
1189 2260 1262 2286 nato
1289 2254 1436 2287 Willelmi
1454 2254 1614 2295 burgravii
1628 2253 1666 2285 de
1682 2253 1846 2290 Ostlwven,
1863 2253 1944 2292 mil„
1960 2253 2088 2286 similis
2100 2254 2212 2296 gratia
2225 2254 2262 2286 in
2276 2254 2360 2287 eccl.

750 2322 776 2344 s.
797 2312 957 2344 Florentii
974 2311 1189 2347 Haselacen„
1217 2310 1439 2350 Argentinen.
1465 2308 1510 2339 di.
1541 2327 1574 2332 -
1600 2308 1626 2340 1.
1652 2317 1682 2340 e.
1705 2317 1750 2340 m.
1771 2307 1885 2339 abbati
1911 2309 2058 2339 monast.
2085 2308 2121 2339 in
2143 2307 2358 2340 Ebersheim-

716 2361 717 2388 i
751 2368 915 2403 numster,
933 2365 1153 2406 Argentinen.
1172 2364 1232 2402 di.,
1257 2365 1290 2395 et
1315 2363 1444 2395 cantori
1463 2371 1499 2394 ac
1521 2362 1647 2394 Jacobo
1676 2362 1896 2402 supradictis.
1925 2362 1978 2401 (Α.
1994 2363 2045 2399 25,
2067 2361 2094 2393 f.
2115 2363 2173 2394 491
2197 2361 2230 2398 ¹‘;
2255 2361 2290 2392 V.
2308 2362 2362 2400 81,

750 2429 767 2451 e
797 2444 802 2449 .
821 2421 912 2450 2574.

771 2429 803 2483 p·
822 2421 962 2506 2616)1.
980 2491 1016 2496 -
1033 2472 1261 2504 confirmatur
1274 2470 1454 2502 ratificatio
1471 2469 1692 2501 instrumenti
1707 2466 1971 2509 permutationis
1983 2469 2077 2500 initae
2088 2468 2178 2501 inter
2189 2467 2359 2500 Heliorum

748 2527 785 2558 de
805 2526 964 2557 Villanova
985 2527 1017 2558 et
1031 2526 1149 2566 fratres
1167 2525 1331 2566 hospitalis
1351 2535 1375 2556 s.
1395 2524 1530 2556 Joanm‘s
1544 2522 1804 2559 Jerosolimitani,
1823 2531 1865 2554 ex
1882 2531 1962 2558 una,
1979 2524 2012 2554 et
2026 2531 2060 2554 n.
2076 2531 2108 2554 v.
2127 2522 2301 2554 Arnatdum
2321 2521 2358 2554 de

753 2581 860 2618 Triari,
876 2581 1050 2612 dominum
1065 2579 1259 2611 Castrinovi
1275 2577 1586 2614 Montismirabilis‚
1603 2576 1740 2609 Albien.
1758 2577 1819 2610 di..
1835 2576 1992 2616 partibus
2005 2585 2048 2608 ex
2064 2576 2183 2615 altera,
2199 2576 2241 2608 de
2254 2576 2359 2608 comi·

714 2670 715 2674 Ἰ
748 2637 820 2666 tatu
836 2634 946 2665 Alifiae
963 2635 996 2665 et
1010 2632 1215 2673 quibusdam
1230 2633 1345 2667 terris,
1361 2632 1484 2663 castris
1505 2633 1538 2663 et
1552 2630 1652 2662 bonis
1666 2631 1702 2661 in
1718 2639 1822 2671 regno
1834 2629 1960 2662 Siciliae
1976 2629 2062 2662 citra
2074 2630 2202 2662 Farum
2220 2629 2356 2670 positis,

749 2689 790 2720 ad
811 2688 938 2719 dictum
957 2686 1116 2723 nobilem,
1138 2695 1215 2718 cum
1234 2686 1334 2717 certis
1352 2685 1487 2723 castris,
1511 2685 1606 2716 villis
1632 2686 1665 2716 et
1689 2683 1787 2716 bonis
1811 2683 1846 2715 in
1871 2674 2092 2715 comitatibus
2114 2683 2303 2715 Provincias
2322 2684 2359 2716 et

713 2749 714 2788 j
748 2740 981 2781 Forcalquerii
1005 2740 1212 2778 constitutis,
1234 2740 1406 2779 adipsum
1424 2738 1592 2778 hospitale
1616 2738 1699 2769 olim
1722 2737 1976 2778 spectantibus;
1997 2746 2072 2778 quae
2093 2737 2233 2777 quidem
2251 2735 2358 2768 ratifi-

713 2793 715 2840 ξ
747 2795 834 2827 catio
842 2794 930 2826 facta
942 2794 1006 2826 fuit
1018 2802 1104 2825 anno
1117 2795 1206 2830 1325,
1218 2793 1403 2825 indictione
1414 2797 1502 2830 vim,
1516 2792 1570 2823 die
1578 2800 1660 2823 vero
1670 2797 1722 2823 xi·
1736 2791 1867 2823 mensis
1878 2799 1970 2828 nov„
1982 2790 2127 2823 Joannis
2139 2791 2241 2830 Papae
2252 2789 2355 2822 XXII

712 2847 714 2869 ἓ
746 2858 834 2880 anno
855 2853 901 2885 ι’,
920 2848 955 2879 in
980 2847 1239 2888 congregatione
1259 2849 1346 2878 auct.
1365 2848 1473 2886 apost.
1493 2845 1608 2877 habita
1624 2845 1714 2886 apud
1732 2845 2121 2885 Montempessulanum‚
2139 2843 2353 2884 Magalonen.

712 2890 713 2912 ³
746 2903 805 2939 di.,
832 2902 905 2933 loco
930 2901 1071 2941 capituli
1095 2901 1283 2941 generalis3
1308 2901 1463 2940 sequitur
1491 2900 1650 2931 instrum.
1678 2899 1825 2939 desuper
1847 2898 2041 2931 confectum
2065 2906 2154 2929 anno
2183 2898 2276 2935 1322,
2299 2897 2355 2930 die

712 2945 713 2980 ἱ
745 2961 836 2988 xxm
849 2954 1053 2987 decembris.
1074 2954 1126 2994 (A.
1144 2955 1195 2992 25,
1213 2954 1237 2985 f.
1252 2956 1310 2986 171
1328 2956 1417 2986 2-475
1431 2959 1460 2988 a:
1485 2953 1521 2985 V.
1535 2955 1587 2991 81,
1603 2962 1656 2993 ep.
1671 2954 1778 2992 2576.)

790 3007 928 3040 26165.
946 3026 985 3032 —
1006 3008 1102 3040 Vitali
1118 3007 1155 3039 de
1170 3018 1196 3039 s.
1213 3007 1320 3046 Petro,
1342 3017 1415 3040 can.
1432 3007 1579 3048 praeben.
1598 3007 1678 3039 eccl.
1694 3007 1736 3039 de
1752 3006 1955 3047 Nugarolio,
1971 3005 2153 3038 Auxitanae
2165 3005 2225 3043 di.,
2242 3004 2354 3046 gratia

745 3073 840 3103 exsp.
863 3062 972 3094 benef.
991 3071 1018 3094 c.
1039 3071 1067 3094 c.
1090 3062 1145 3093 vel
1162 3071 1190 3093 s.
1205 3071 1233 3093 c.
1260 3063 1312 3099 (80
1331 3062 1353 3092 l.
1375 3062 1415 3100 t.)
1433 3062 1467 3092 in
1488 3061 1579 3093 civit.
1599 3061 1652 3092 vel
1676 3061 1723 3092 di.
1747 3059 1942 3096 Tolosanis,
1961 3059 2085 3100 pertin.
2105 3058 2148 3091 ad
2166 3058 2281 3090 collat.
2299 3066 2350 3090 ar-
