2540 3496
347 318 600 352 APPENDICES
624 317 679 348 AD
702 317 887 348 DECIMUM
911 317 1105 348 BULLARII
1127 317 1300 348 JOANNIS
1324 317 1442 347 PAPAE
1465 316 1553 347 XXII
1576 315 1736 347 ANNUM.
1759 334 1797 338 —
1819 316 2056 354 (1316-1334)
2153 318 2214 349 309

229 624 334 651 Datum
354 615 526 650 Avenione

275 673 290 699 1
310 679 373 707 apr.
393 669 482 701 1326,

310 715 371 743 ind.
387 714 448 742 lx·.

192 779 332 813 Fulqinei,
345 777 383 805 15
395 785 459 812 apr.
475 775 564 807 1326,

304 822 367 850 ind.
388 821 448 850 lx·.

234 995 340 1022 Datum
354 989 525 1022 Avem‘one

270 1042 309 1071 25
326 1050 387 1078 apr.
406 1041 485 1070 1326

263 1088 320 1124 (vu
337 1087 397 1115 kal.
415 1086 500 1121 maii)

308 1139 388 1160 anno
406 1131 449 1159 Χ·.

264 1201 306 1229 26
322 1210 384 1237 apr.
406 1201 494 1230 1326.

266 1469 306 1497 28
321 1478 384 1505 apr.
404 1469 493 1497 1326.

278 1843 296 1870 5
311 1844 380 1870 maii
397 1842 485 1872 1326.

267 2055 308 2084 25
322 2057 390 2084 maii
407 2056 496 2085 1326.

263 2324 304 2352 27
321 2325 390 2352 maii
410 2323 498 2356 1326,

309 2368 370 2396 ind.
391 2369 452 2398 IX·-

267 2484 306 2512 30
320 2485 388 2512 maii
408 2484 499 2512 1326.

270 2751 308 2779 17
325 2751 391 2786 jun.
411 2750 500 2779 1326.

268 2857 308 2886 28
319 2857 388 2893 jun.
407 2857 498 2887 1326.

282 2965 300 2992 6
313 2964 373 2999 jul.
394 2964 483 2994 1326.

619 507 679 538 illa
701 507 922 538 restituenda.
938 506 1036 547 (Oriy.
1056 516 1144 547 perq.
1160 516 1226 536 cum
1241 506 1335 536 latere
1353 506 1500 545 inferiore
1515 506 1627 547 viqinti
1646 509 1779 547 quatuor
1792 505 1877 536 vittis
1892 515 1977 542 cte-5⁰,
1995 506 2028 535 in
2042 506 2151 546 quibus
2168 515 2217 537 ex-

620 564 686 590 tant
699 559 759 590 duo
768 560 943 600 fraqmenta
960 559 1159 600 sigillorum.)

663 609 803 642 26461.
827 631 865 635 -
891 612 1064 650 Gasbertus‚
1095 612 1272 653 archiep.us
1297 612 1496 650 Arelatensis,
1522 613 1660 653 deputat
1680 621 1769 653 mag.
1791 613 2009 645 Ramundum
2033 615 2210 655 Rostagni‚

617 666 867 704 Jurisperitum,
894 667 930 696 ut
942 666 1092 705 judicem
1115 674 1215 696 suum
1237 666 1273 696 in
1287 667 1398 697 castro
1421 666 1570 698 Sallonis
1595 665 1735 706 ejusque
1750 667 1978 706 pertinentiis.
1999 667 2099 708 (Θήρ.
2124 678 2211 709 per-9.

617 718 775 760 parvum.)

665 771 676 783 ”
697 768 832 800 26462.
861 790 899 794 -
917 771 1052 802 ,loannes
1071 771 1107 802 de
1127 771 1258 807 Amelio‚
1283 772 1409 803 archid.
1437 772 1658 811 Forojulien.,
1684 773 1788 804 tradit
1808 782 1841 804 n.
1864 783 1895 804 v.
1917 775 2062 815 Ugolino
2087 776 2212 815 quond.

619 825 692 857 d.ni
712 824 943 857 Gualfredutii*
958 825 999 864 de
1016 825 1248 865 Balglonibus,
1268 825 1309 856 de
1327 825 1482 862 Perusio,
1503 826 1748 857 monasterium
1765 835 1793 857 s.
1811 826 1953 865 Quirici,
1971 837 2048 859 cum
2063 829 2165 860 terris
2182 831 2215 861 et

618 878 754 919 ,iuribus
769 878 874 913 univ„
900 878 1085 909 secundum
1102 878 1192 917 quod
1216 878 1281 909 eid.
1297 878 1421 908 Joanni
1438 878 1630 909 intimatum
1651 880 1702 910 est
1717 880 1757 911 de
1773 881 1980 912 conscientia
1995 882 2035 912 Α.
2053 882 2087 913 S.
2105 900 2143 904 —
2157 883 2216 914 Se-

621 933 772 972 quuntur
787 930 1012 971 obligationes
1024 930 1154 970 praefati
1176 931 1326 970 Ugolini.
1345 930 1445 971 (Oriq.
1458 933 1562 971 perq.)

667 982 802 1014 26463.
820 1002 857 1007 -
872 985 892 1015 J
895 992 1022 1015 oannes
1035 984 1128 1023 Papa
1142 985 1243 1015 XXII
1257 984 1394 1015 mandat
1406 985 1499 1015 univ.
1518 985 1668 1024 praelatis
1682 987 1864 1025 provinciae
1880 987 2085 1019 Viennensis
2101 990 2138 1020 ut
2152 990 2220 1021 col-

622 1039 729 1080 ligant
746 1039 877 1070 fructus
895 1038 997 1069 unius
1015 1037 1093 1068 anni
1114 1037 1225 1069 benef.
1248 1038 1441 1068 vacantium
1459 1039 1491 1069 et
1510 1047 1617 1078 usque
1639 1039 1680 1070 ad
1701 1048 1807 1071 unum
1832 1049 1958 1071 annum
1978 1043 2213 1074 vacaturorum

622 1101 683 1132 pro
698 1091 960 1123 necessitatibus
979 1099 1119 1122 camerae
1134 1091 1339 1130 apostolicae.
1354 1090 1478 1131 (Perq.;
1496 1090 1532 1121 de
1546 1092 1661 1131 curia.)
1952 1094 1958 1102 ’

666 1195 803 1227 26464.
818 1216 855 1221 -
869 1195 1047 1227 Bernardus
1060 1195 1096 1226 de
1111 1195 1278 1236 Noqareto,
1297 1196 1390 1232 cler„
1403 1197 1566 1227 oriundus
1579 1196 1644 1227 loci
1661 1197 1700 1228 de
1716 1198 1948 1238 Bruniquello‚
1960 1200 2007 1230 di.
2026 1201 2214 1239 Caturcen„

622 1251 798 1284 constituit
824 1251 1061 1291 procuratores
1085 1250 1120 1280 in
1145 1257 1248 1280 causa
1271 1249 1511 1289 appellationis
1534 1258 1607 1289 quae
1627 1251 1770 1282 vertitur
1791 1260 1905 1283 coram
1930 1252 2069 1284 officiali
2092 1255 2218 1286 Bituri-

576 1333 579 1335 .
622 1314 693 1337 cen.
714 1306 803 1336 inter
822 1305 936 1344 ipsum
954 1303 1228 1342 constituentem,
1253 1302 1493 1342 appellantem,
1518 1311 1560 1334 ex
1575 1312 1642 1334 una
1663 1305 1770 1343 parte,
1794 1307 1827 1335 et
1846 1305 2049 1337 Garnerium
2069 1308 2109 1339 de
2125 1308 2220 1340 Mon-

620 1361 732 1396 tanea,
760 1357 980 1398 appellatum.
1005 1357 1132 1388 Datum
1156 1356 1210 1387 die
1235 1355 1367 1387 sabbati
1394 1357 1471 1395 post
1493 1356 1617 1387 festum
1638 1356 1729 1388 beati
1751 1357 1878 1389 Marchi
1898 1360 2113 1400 evangelistae
2128 1363 2222 1394 1326.

622 1412 721 1453 (Or-iq.
739 1413 842 1452 perq.)
1238 1411 1253 1426 '

666 1462 801 1494 26465.
819 1483 857 1488 —
872 1464 983 1495 Petrus
998 1463 1171 1505 Raynardi,
1190 1463 1349 1494 Senecen.
1375 1462 1546 1499 officialis,
1567 1463 1648 1503 legit
1667 1464 1701 1494 in
1718 1465 1798 1495 eccl.
1815 1465 1999 1497 cathedrali
2016 1467 2219 1500 Glandeten.

621 1519 803 1559 quamdam
821 1519 970 1549 litteram
987 1516 1175 1548 Camerarii
1197 1517 1311 1556 Papae,
1329 1516 1555 1547 continentem
1573 1517 1769 1548 citationem
1786 1518 1826 1549 A.
1845 1518 1914 1558 ep.i
1932 1519 2145 1555 Glandeten.,
2164 1522 2224 1560 qui

621 1573 664 1604 ad
683 1573 718 1605 S.
741 1573 781 1604 A.
800 1573 933 1604 tenetur
956 1579 992 1602 se
1011 1571 1175 1605 conferre,
1192 1570 1391 1601 Pontificem
1407 1570 1654 1601 informaturus
1672 1579 1774 1610 super
1791 1571 1891 1603 bonis
1907 1572 2089 1604 mobilibus
2105 1573 2138 1604 b.
2156 1583 2223 1606 me.

620 1626 763 1658 Eusiani
782 1626 849 1665 ep.i
863 1624 1066 1656 Tolonensis
1081 1632 1155 1664 quae
1170 1623 1212 1654 ad
1227 1632 1349 1654 manus
1364 1623 1475 1663 ipsius
1492 1624 1688 1663 pervenisse
1701 1625 1859 1656 dicuntur
1874 1635 2014 1666 quaeque
2032 1627 2121 1658 idem
2138 1628 2225 1658 Pon-

621 1679 707 1711 tifex
727 1679 884 1719 disposit.
906 1687 975 1709 suae
993 1678 1191 1709 reservavit.
1207 1677 1272 1708 Sed
1289 1686 1365 1708 cum
1381 1677 1492 1708 dictus
1506 1686 1603 1716 ep.us
1617 1677 1815 1709 Glandeten.
1835 1680 1972 1719 propter
1987 1679 2222 1712 infirmitatem

622 1743 641 1765 a
656 1742 719 1764 sua
734 1733 780 1764 di.
799 1732 944 1768 abesset,
963 1732 1036 1772 ejus
1051 1731 1200 1762 vicarius
1214 1732 1246 1762 et
1263 1732 1460 1770 procurator
1475 1731 1670 1770 hujusmodi
1687 1731 1882 1763 citationem
1900 1735 2109 1773 receperunt.
2123 1733 2223 1775 (Oriy.

620 1788 724 1828 per-q.)

667 1837 806 1870 26466.
828 1858 866 1862 -
882 1840 1045 1870 Instrum.
1065 1838 1236 1870 citationis
1261 1838 1404 1869 Joannis
1426 1838 1466 1869 de
1491 1837 1643 1875 Loriaco,
1671 1838 1791 1869 vicarii
1812 1839 1946 1871 vicariae
1971 1841 2127 1873 Ressorti
2150 1843 2227 1874 Bal-

623 1894 810 1930 molarum,
829 1893 871 1924 ad
887 1892 1152 1932 comparendum
1173 1900 1286 1923 coram
1300 1891 1473 1930 Judicibus
1490 1891 1671 1922 Bellicadri
1687 1892 1727 1923 ad
1744 1892 1927 1924 videndum
1945 1893 2221 1927 informationem

623 1956 726 1988 quam
742 1946 950 1979 Guillelmus
975 1955 1003 1977 s.
1028 1945 1163 1986 Cyriaci
1179 1945 1215 1976 in
1241 1945 1397 1976 Thermis
1419 1944 1530 1984 presb.
1556 1945 1658 1983 card„
1678 1945 1770 1985 prior
1792 1955 1820 1976 s.
1845 1946 1939 1977 Petri
1957 1947 1996 1978 de
2014 1948 2173 1980 Palhacia
2191 1951 2225 1980 et

624 2010 652 2032 s.
673 2001 764 2032 Petri
784 2001 824 2032 de
843 2000 959 2038 Stello‚
975 1999 1084 2031 facere
1099 1999 1254 2034 intendit.
1273 1997 1372 2038 (Oriq.
1386 2008 1478 2039 perp.
1500 1998 1635 2039 lonqum,
1648 1998 1701 2029 sed
1712 1999 1876 2038 strictum.)

669 2043 806 2083 26467.
833 2071 872 2076 -
900 2052 1095 2084 Camerarius
1122 2056 1151 2083 et
1174 2052 1306 2083 thesaur.
1340 2052 1437 2092 Papae
1467 2052 1652 2083 restituunt
1680 2053 1895 2084 universitati
1921 2054 2228 2094 carpentoratensi

625 2109 683 2140 196
699 2108 772 2139 flor.
787 2107 872 2143 auri,
887 2115 972 2146 quos
987 2106 1126 2146 quidam
1149 2106 1336 2137 habuerant
1362 2107 1394 2136 et
1414 2107 1609 2145 receperant
1626 2106 1762 2137 nomine
1775 2108 1808 2137 et
1829 2115 1873 2138 ex
1886 2116 1988 2138 causa
2001 2107 2101 2140 bullae
2117 2110 2149 2140 et
2164 2118 2227 2148 pro

624 2162 734 2202 gratia
755 2161 844 2192 facta
861 2161 956 2191 dictae
972 2159 1074 2191 bullae
1090 2159 1307 2191 universitati
1323 2159 1492 2198 praedictae
1509 2167 1569 2198 per
1592 2159 1711 2190 d.num
1734 2160 1860 2199 Papam
1876 2169 1895 2191 a
1915 2160 2120 2200 quibusdam
2133 2171 2227 2202 pers.

626 2215 862 2246 universitatis
878 2213 1042 2254 ejusdem.
1062 2231 1100 2236 —
1118 2212 1218 2243 Dorso
1235 2212 1346 2253 leqieur
1366 2222 1372 2242 :
1387 2222 1402 2243 «
1420 2213 1494 2243 Non
1510 2214 1666 2252 opportet
1683 2213 1870 2252 registrari.
1891 2223 1907 2244 »
1924 2213 2023 2255 (Or-iq.
2036 2224 2123 2256 perq.
2140 2216 2227 2246 stric-

627 2273 700 2303 tum,
719 2268 771 2299 secl
790 2267 938 2309 longum.)

670 2319 810 2352 26468.
828 2339 866 2344 -
881 2321 1124 2352 Procuratores
1142 2320 1320 2351 Bertrandi
1338 2328 1365 2350 s.
1383 2319 1536 2350 Marcelli
1553 2319 1665 2359 presb.
1684 2320 1788 2358 card„
1805 2322 1845 2352 A.
1867 2321 1901 2352 S.
1922 2321 2036 2361 legati,
2055 2322 2228 2362 recipiunt

626 2385 646 2407 a
667 2375 772 2407 sociis
795 2374 968 2406 societatis
989 2373 1247 2414 Atzaylolorum
1263 2374 1357 2405 5.ooo
1378 2373 1452 2404 flor.
1476 2373 1550 2404 auri
1576 2382 1637 2413 pro
1655 2374 1791 2405 residuo
1814 2374 1996 2406 solutionis
2018 2377 2135 2407 20000
2152 2376 2226 2407 flor.

627 2430 701 2461 auri
718 2438 738 2460 a
753 2428 939 2460 camerario
958 2429 990 2459 et
1000 2427 1150 2458 thesaur.
1168 2427 1268 2466 Papae
1284 2428 1509 2466 receptorum.
1528 2426 1626 2467 (Oriq.
1644 2427 1749 2467 perq.)

671 2479 809 2513 26469.
830 2500 868 2505 -
882 2481 1090 2513 Bertrandus
1110 2489 1137 2511 s.
1162 2480 1319 2511 Marcelli
1339 2479 1451 2520 presb.
1478 2480 1582 2518 card„
1597 2481 1639 2512 A.
1660 2481 1693 2512 S.
1710 2481 1853 2521 legatus,
1870 2482 2045 2514 constituit
2067 2491 2227 2522 procura-

625 2538 718 2568 tores
741 2537 783 2567 ad
801 2535 1034 2575 recipiendum
1057 2535 1092 2565 in
1112 2534 1204 2565 civit.
1225 2534 1378 2565 Bononia
1393 2543 1413 2565 a
1427 2533 1531 2565 sociis
1549 2534 1589 2565 de
1606 2534 1766 2566 societate
1785 2535 1972 2566 Bardorum
1990 2536 2030 2566 de
2053 2536 2228 2568 Florentia

626 2590 687 2622 illa
700 2591 815 2622 20000
832 2589 906 2621 flor.
923 2588 997 2620 auri
1011 2597 1086 2628 quae
1103 2588 1186 2619 socii
1204 2587 1313 2628 eJusd.
1327 2587 1489 2625 civitatis,
1504 2587 1539 2618 in
1551 2587 1645 2618 curia
1658 2588 1813 2619 Romana
1829 2590 2011 2626 morantes,
2027 2591 2226 2628 receperunt

625 2653 645 2676 a
661 2643 849 2676 camerario
866 2644 899 2674 et
918 2641 1131 2674 thesaurario
1147 2641 1261 2681 Papae.
1286 2641 1424 2679 Datum,
1448 2641 1502 2672 die
1518 2641 1652 2672 veneris
1674 2641 1862 2681 penultima
1885 2642 2014 2673 mensis
2031 2642 2112 2673 maii
2130 2644 2222 2680 1326,

625 2697 695 2729 ind.
719 2702 780 2734 ιν,
797 2696 1014 2737 pontificatus
1030 2695 1060 2726 J.
1078 2695 1146 2726 PP.
1160 2695 1261 2726 XXII
1278 2703 1366 2726 anno
1385 2694 1527 2726 decimo.
1549 2694 1650 2735 (Or-iq.
1670 2704 1758 2735 per-9.
1776 2704 1843 2725 cum
1862 2694 1988 2725 cordula
2007 2695 2096 2726 serici
2113 2695 2224 2735 rubei.)

670 2747 808 2781 26470.
828 2767 867 2772 -
878 2748 1094 2782 Universitas
1110 2750 1299 2780 castrorum
1309 2748 1350 2779 de
1361 2749 1511 2780 Servano
1527 2749 1559 2779 et
1572 2747 1612 2779 de
1625 2748 1835 2779 Podiocardo
1846 2749 2055 2779 constituunt
2067 2751 2226 2788 procura·

624 2805 718 2836 tores
736 2804 779 2835 ad
794 2803 921 2835 donum
940 2802 1128 2843 gratiosum
1143 2801 1337 2843 faciendum
1352 2802 1431 2833 d.no
1449 2802 1559 2841 Papae.
1579 2800 1677 2842 (Or-iq.
1688 2801 1794 2842 per-9.)

670 2854 810 2888 26471.
835 2873 875 2880 -
894 2856 1111 2888 Universitas
1126 2855 1229 2887 castri
1248 2855 1465 2887 Avellaronis
1481 2855 1692 2887 constituunt
1711 2856 1946 2895 procuratores
1965 2855 2007 2886 ad
2027 2855 2219 2888 faciendum

627 2912 753 2943 donum
768 2910 955 2951 gratiosum
971 2909 1050 2940 d.no
1065 2909 1178 2948 Papae.
1195 2908 1294 2949 (Or-iq.
1307 2918 1397 2949 pera.
1417 2918 1483 2939 cum
1499 2907 1625 2939 cordula
1638 2908 1796 2948 canapis.)

673 2961 810 2994 26472.
826 2962 1094 2995 -Universitas
1117 2962 1219 2993 castri
1243 2962 1284 2993 de
1309 2961 1498 2993 Inter-callis
1521 2961 1716 3001 [Vasionen.
1743 2961 1804 2999 di.]
1825 2961 2034 2993 constituunt
2057 2963 2222 3002 quosdam

628 3018 866 3058 procuratores
881 3016 924 3048 acl
944 3015 1153 3047 offerendum
1170 3015 1309 3055 aliquod
1324 3015 1450 3047 donum
1465 3015 1651 3054 gratiosum
1668 3015 1778 3054 Papae.
1800 3032 1838 3037 --
1856 3014 1950 3045 Dorso
1965 3014 2079 3056 leqicur
2096 3026 2106 3046 .·
2123 3026 2138 3046 «
2157 3017 2220 3049 Die
