2540 3496
224 429 330 458 Datum
349 420 536 456 Avenione.

266 532 304 559 {9
318 533 388 566 sept.
407 527 496 556 1325.

264 575 333 612 (xm
350 572 409 602 kal.
427 573 497 606 oct.)

305 619 337 647 T.
359 617 455 646 XXIV.

343 691 380 719 Ut
394 698 419 717 s.

307 736 338 764 T.
358 734 452 763 XXVI.

344 851 380 879 Ut
395 859 419 878 s.

310 896 342 924 T.
363 894 460 923 XXVI.

341 957 379 993 Ut
399 965 423 985 s.

336 1001 368 1028 Τ.
391 1001 427 1036 1,.-

266 1118 305 1147 20
319 1119 389 1153 sept.
407 1114 495 1143 1325.

267 1162 324 1199 (111
341 1161 400 1190 kal.
418 1160 489 1196 oct.)

309 1207 341 1234 T.
358 1205 455 1234 xvlu.

341 1330 377 1358 Ut
398 1338 422 1357 s.

326 1376 357 1403 T.
378 1375 432 1402 XL.

263 1759 306 1788 22
319 1762 390 1795 sept.
409 1758 498 1787 1325.

281 1805 314 1840 (x
329 1804 390 1832 kal.
411 1804 482 1836 oet.)

223 1849 273 1878 Gr.
294 1857 345 1886 pro
360 1857 438 1884 pers.
458 1849 538 1877 card.

336 1921 373 1949 Ut
398 1930 422 1948 s.

187 1955 192 1960 ”
259 2006 261 2008 ¹
309 1966 343 1994 T.
365 1966 447 1994 xxx.

339 2298 375 2326 Ut
393 2306 420 2326 s.

323 2343 357 2371 T.
375 2343 432 2371 XX.

260 2728 300 2758 23
312 2732 384 2766 sept.
404 2728 495 2757 4325.

276 2774 320 2810 (1x
334 2773 394 2802 kal.
415 2774 487 2809 oct.)

269 2818 301 2846 T.
316 2818 414 2854 XVIII,
431 2818 489 2846 XX.

339 2996 376 3024 Ut
395 3004 420 3024 s.

313 3041 346 3069 T.
369 3041 450 3069 XXX.

600 329 776 363 JOANNIS
800 328 920 360 PAPAE
941 327 1045 358 XXII.
1069 326 1319 366 (1316-1334).
1341 342 1382 348 -
1404 323 1592 355 LITTERAE
1614 321 1841 354 COMMUNES
2217 321 2236 352 5

670 520 807 553 23435.
820 540 859 546 -
872 522 912 554 Ν.
925 532 953 553 υ.
969 520 1123 562 Anisredo
1139 519 1176 552 de
1193 519 1385 561 Monteforti,
1401 518 1555 550 Nicosien.
1575 517 1630 555 di„
1648 517 1844 558 indulgetur
1859 516 1961 548 idem.
1977 515 2031 557 (A.
2049 517 2099 553 24,
2115 515 2138 546 f.
2155 516 2194 547 43
2207 515 2238 552 ¹’;

632 578 668 610 V.
683 579 734 613 80,
749 587 803 618 ep.
823 577 890 616 21.)

675 683 810 716 23436.
827 703 865 708 -
882 684 1020 725 Ηαῃοηί,
1035 684 1112 724 reqi,
1127 687 1155 714 et
1173 682 1294 721 Alisiae,
1313 681 1429 722 reqinae
1453 681 1564 722 Cypri,
1582 681 1649 721 ejus
1663 679 1807 715 consorti,
1825 678 1950 710 indult.
1966 679 2004 710 ut
2020 678 2089 718 ipsi
2104 678 2136 709 et
2151 677 2241 717 ipso-

627 749 705 772 rum
726 739 790 771 filii
805 738 1036 770 confessorem
1059 737 1186 777 eligere
1206 736 1354 773 valeant,
1373 735 1433 775 qui
1455 743 1515 766 eos
1535 734 1715 766 absolvere
1733 733 1844 774 possit
1863 733 1899 764 in
1917 731 2078 764 omnibus
2104 730 2242 763 casibus

627 794 663 826 S.
679 794 720 825 A.
739 801 806 824 non
825 791 1022 823 reservatis.
1041 791 1093 829 (A.
1110 791 1161 825 24.
1178 790 1201 820 f.
1220 791 1258 821 45
1273 794 1302 827 ²;
1324 788 1359 820 V.
1377 790 1428 826 80,
1444 797 1497 828 ep.
1511 788 1579 827 23.)

671 843 809 877 23437.
834 863 872 868 -
893 844 985 874 Eisd.
1004 843 1118 874 simile
1131 843 1255 874 indult.
1272 851 1333 883 pro
1348 842 1562 873 absolutione
1580 841 1622 872 ab
1637 850 1768 873 excom.
1786 842 1820 873 et
1834 839 2009 872 interdicti
2025 838 2206 871 sententiis
2224 847 2244 870 a

622 900 699 940 jure
713 899 806 930 latis.
825 898 877 940 (A.
895 899 946 933 24,
965 893 991 927 f.
1003 898 1043 928 45
1058 902 1088 934 ¹;
1117 895 1150 926 V.
1168 897 1220 933 80,
1239 905 1292 935 ep.
1309 897 1376 935 24.)

670 949 807 981 23438.
826 969 863 974 -—
879 950 1009 981 Archid.
1033 950 1250 980 Beneventano
1266 948 1366 980 facul.
1392 948 1594 988 providendi
1613 958 1646 979 1v
1663 949 1743 980 cler.
1765 948 1935 989 Hugonis,
1957 948 2063 989 Cypri
2080 950 2183 990 regis,
2202 950 2244 982 de

625 1014 743 1037 canon.
762 1005 826 1036 sub
844 1013 941 1044 exsp.
958 1003 1061 1043 praeb.
1083 1003 1271 1039 Nicosien.,
1286 1002 1452 1042 Paphen.,
1476 1003 1717 1042 Famagustan.
1735 1004 1767 1034 et
1786 1002 1978 1034 Nimocien.
2005 1003 2243 1037 ecclesiarum.

625 1059 679 1100 (A.
697 1060 747 1095 24,
768 1058 791 1089 f.
809 1058 849 1090 48
864 1063 891 1092 ³;
916 1057 952 1088 V.
971 1057 1023 1094 80,
1044 1065 1097 1096 ep.
1113 1057 1180 1094 30.)

669 1109 808 1143 23439.
828 1129 867 1135 -
882 1111 922 1142 Ν.
943 1121 972 1142 υ.
990 1109 1122 1140 Andreae
1148 1109 1185 1141 de
1201 1109 1354 1146 Moravz‘a,
1374 1109 1450 1140 (1.πο
1467 1109 1503 1140 de
1523 1109 1698 1147 Bochevile,
1719 1114 1747 1140 et
1765 1120 1795 1140 η.
1815 1121 1853 1141 m.
1879 1110 2064 1142 Christianae
2083 1112 2119 1144 de
2132 1113 2241 1149 Seton,

624 1170 707 1197 παίω
731 1164 845 1207 quond.
868 1164 994 1196 Roberti
1015 1163 1053 1195 de
1074 1163 1189 1205 Bruys,
1210 1162 1375 1204 Glasquen.
1399 1162 1456 1202 di„
1476 1163 1627 1203 dispens.
1650 1172 1752 1203 super
1772 1169 1817 1194 1v⁰
1835 1165 2057 1205 consanguin.
2081 1167 2188 1207 gradu
2208 1167 2244 1199 in

625 1220 776 1252 matrim.
805 1218 1034 1251 contrahendo
1058 1207 1100 1249 ad
1122 1217 1311 1249 sedandum
1337 1217 1569 1248 dissentiones
1592 1217 1680 1248 inter
1705 1217 1885 1258 utriusque
1910 1218 2064 1258 ipsorum
2081 1222 2245 1260 parentes

625 1274 822 1305 suscitatas.
835 1273 886 1311 (A.
904 1274 954 1310 24,
970 1272 993 1303 f.
1011 1273 1048 1304 41
1068 1276 1099 1309 ·;
1122 1270 1157 1302 V.
1171 1271 1224 1308 80,
1243 1279 1296 1311 ep.
1318 1272 1381 1309 Η.)

669 1323 808 1357 23440.
825 1344 865 1350 -—
882 1325 997 1358 ,Iacobo
1014 1336 1040 1356 s.
1066 1324 1194 1366 Georqii
1216 1324 1257 1355 ad
1279 1324 1382 1355 Velum
1399 1334 1525 1355 aureum
1546 1324 1626 1355 diac.
1648 1324 1732 1356 card.
1753 1325 1980 1357 committitur
1996 1327 2034 1358 ut
2049 1326 2091 1358 ab
2106 1328 2245 1368 AEgidio

625 1380 733 1413 electo
749 1380 951 1412 Cremonen.
968 1379 1131 1419 resignat.
1146 1378 1291 1419 recipiat
1304 1387 1403 1414 curae,
1421 1379 1600 1419 regiminis
1616 1380 1649 1411 et
1664 1378 1859 1411 administr.
1871 1379 1953 1411 eccl.
1969 1379 2184 1419 Cremonen„
2203 1383 2246 1414 ad

626 1443 730 1475 quam
741 1434 871 1466 electus
888 1434 939 1465 est
953 1435 1030 1473 post
1045 1432 1176 1464 obitum
1193 1432 1372 1473 Raynerii‚
1386 1433 1511 1464 attento
1527 1432 1617 1473 quod
1633 1433 1772 1473 propter
1787 1441 1928 1473 guerras
1948 1433 1983 1464 in
1999 1433 2073 1465 illis
2088 1435 2245 1474 partibus

626 1488 822 1529 ingruentes
839 1487 987 1519 diversis
1008 1486 1078 1527 Jam
1096 1485 1230 1517 vicibus
1248 1486 1418 1518 terminus
1439 1486 1627 1527 recipiendi
1646 1488 1833 1518 consecrat.
1858 1487 1926 1527 ipsi
1943 1490 2149 1529 prorogatus
2167 1489 2244 1527 fuit,

625 1541 686 1574 sed
703 1550 765 1582 pro
780 1550 819 1573 eo
842 1541 932 1581 quod
948 1540 1070 1572 civitas
1085 1541 1289 1572 Cremonen.
1311 1540 1346 1571 in
1363 1540 1550 1572 rebellione
1565 1541 1699 1572 notoria
1714 1541 1756 1572 R.
1774 1541 1812 1572 E.
1829 1541 1998 1580 persistit,
2019 1542 2054 1572 in
2070 1543 2144 1574 ead.
2163 1543 2245 1574 civi-

625 1596 694 1627 tate
719 1595 837 1635 nequit
860 1594 1027 1626 habitare.
1050 1611 1089 1616 —
1113 1593 1319 1625 Declaratur
1343 1594 1487 1634 insuper
1508 1594 1599 1634 quod
1623 1594 1739 1626 omnia
1762 1594 1875 1626 benef.
1902 1603 1977 1635 quae
2002 1595 2092 1627 idem
2116 1596 2245 1629 electus

624 1650 778 1689 tempore
792 1648 1002 1688 provisionis
1016 1657 1086 1680 suae
1099 1647 1286 1685 obtinebat,
1302 1649 1403 1688 prout
1417 1648 1525 1679 adhuc
1541 1647 1683 1683 obtinet,
1702 1648 1808 1680 libere
1821 1648 1969 1680 retinere
1982 1649 2105 1681 valeat.
2124 1651 2176 1690 (A.
2192 1653 2243 1689 24,

626 1702 650 1734 f.
669 1705 707 1734 ’17
725 1702 754 1739 b,
776 1702 810 1733 V.
830 1703 881 1738 80,
898 1710 951 1742 ep.
967 1703 1034 1739 94.)

671 1753 810 1786 23441.
827 1774 867 1778 -
890 1755 1066 1787 Bertrando
1089 1765 1161 1796 ep.o
1183 1755 1355 1786 Tusculano
1370 1755 1508 1788 licentia
1523 1756 1685 1787 testandi.
1702 1757 1755 1796 (A.
1773 1757 1823 1793 24,
1843 1756 1866 1787 f.
1882 1758 1922 1788 43
1937 1762 1966 1793 ⁸,
1990 1757 2023 1788 V.
2041 1759 2093 1795 80,
2113 1766 2166 1798 ep.
2188 1761 2243 1798 16;

625 1810 746 1846 Eubel‚
765 1809 941 1841 Bullarium
954 1809 1210 1848 Franciscanum,
1227 1811 1250 1840 t.
1271 1810 1313 1848 V,
1331 1819 1364 1850 p.
1385 1811 1458 1845 295,
1478 1818 1511 1840 n.
1525 1811 1612 1848 595.)

671 1914 810 1947 23442.
831 1934 870 1939 —
888 1916 929 1949 N.
954 1927 983 1947 v.
1000 1916 1094 1947 Petro
1109 1916 1146 1947 de
1161 1916 1333 1958 Columpna
1352 1921 1381 1947 et
1396 1927 1427 1948 n.
1445 1927 1485 1947 m.
1502 1916 1623 1947 Jacobae
1638 1922 1665 1947 et
1682 1916 1863 1955 Franciscae,
1884 1918 1967 1948 natis
1985 1918 2099 1959 quond.
2114 1918 2247 1950 Jordani

626 1970 663 2002 de
676 1969 860 2012 Columpna‚
876 1971 1029 2011 dispens,
1041 1972 1078 2002 ut
1094 1979 1171 2002 cum
1182 1971 1340 2010 personis
1354 1970 1545 2010 conjunctis
1558 1971 1610 2002 eis
1622 1970 1657 2001 in
1673 1975 1720 2002 1v⁰
1735 1971 1957 2012 consanguin.
1974 1973 2080 2012 gradu
2097 1981 2139 2004 ex
2153 1974 2244 2005 utro-

626 2033 692 2065 que
709 2024 816 2056 latere
837 2024 986 2056 matrim.
1005 2024 1204 2056 contrahere
1219 2024 1367 2062 valeant,
1386 2024 1453 2064 ipsi
1477 2025 1569 2056 enim
1585 2026 1686 2064 prout
1703 2025 1828 2056 Petrus
1845 2033 1874 2056 s.
1892 2026 2014 2066 Angeli
2030 2026 2116 2058 diac.
2137 2027 2243 2065 card,

625 2078 723 2119 cujus
746 2080 888 2118 nepotes
906 2078 1073 2117 existunt,
1092 2078 1251 2118 exposuit
1268 2079 1301 2110 et
1323 2078 1383 2109 alii
1401 2078 1442 2109 de
1466 2078 1566 2110 domo
1585 2087 1647 2109 sua
1663 2079 1758 2110 tanta
1773 2080 1854 2110 sunt
1876 2088 1953 2110 cum
1969 2079 2048 2110 aliis
2070 2080 2246 2112 nobilibus

625 2132 731 2164 Urbis
749 2133 782 2164 et
801 2132 842 2164 de
862 2132 974 2172 Ipsius
997 2131 1101 2164 Urbis
1118 2132 1263 2163 circuitu
1286 2134 1345 2163 aut
1365 2132 1589 2172 consanguin.
1608 2132 1663 2163 vel
1685 2132 1852 2164 affinitate
1877 2133 2061 2173 conjuncti,
2081 2134 2172 2174 quod
2186 2135 2245 2166 vix

625 2187 771 2227 possunt
796 2186 886 2217 inter
911 2195 1012 2226 pares
1034 2194 1118 2217 suos
1143 2185 1272 2225 absque
1288 2185 1441 2225 dispens.
1473 2187 1582 2226 apost.
1604 2186 1908 2218 matrimonialiter
1937 2187 2102 2226 copulari.
2121 2188 2173 2227 (A.
2193 2190 2244 2227 24,

625 2240 649 2272 f.
665 2241 706 2272 48
719 2239 749 2278 ¹³3
770 2239 803 2271 V.
820 2241 873 2279 80,
891 2249 943 2280 ep.
959 2241 1024 2278 31.)

671 2290 808 2323 23443.
830 2312 868 2316 -
882 2292 1032 2334 Philippo
1055 2293 1092 2324 de
1113 2293 1288 2334 Majoricz’s,
1304 2293 1340 2324 in
1367 2294 1448 2325 eccl.
1465 2302 1492 2325 s.
1512 2293 1652 2325 Martini
1675 2294 1847 2325 Turonen.
1863 2294 2028 2332 thesaur„
2044 2297 2245 2336 prorogatur

625 2347 667 2380 ad
693 2356 799 2379 unum
823 2356 950 2379 annum
976 2349 1124 2387 tempus,
1152 2347 1315 2388 synodali
1341 2347 1584 2379 constitutione
1607 2347 1771 2379 Elnensis
1799 2348 1951 2380 ecclesiae
1972 2348 2163 2387 definitum,
2183 2358 2245 2390 pro

625 2402 826 2434 executione
853 2401 1051 2433 testamenti
1067 2401 1109 2432 cl.
1127 2410 1194 2433 me.
1214 2401 1340 2438 Sancii,
1357 2401 1449 2442 regis
1469 2400 1536 2441 Mai
1543 2401 1725 2437 oricarum,
1747 2402 1902 2442 germani
1920 2402 1985 2440 sui,
2009 2403 2045 2434 in
2062 2412 2130 2443 quo
2144 2403 2246 2435 haere-

625 2456 702 2488 dem
724 2455 904 2487 constituit
920 2455 1086 2487 ²Iacobum
1111 2455 1354 2496 Majoricarum
1377 2464 1504 2496 regem,
1526 2455 1636 2495 ejusd.
1659 2455 1812 2496 Philippi
1829 2465 1919 2496 nep„
1937 2456 2050 2497 (cujus
2071 2457 2146 2497 ipse
2163 2457 2243 2488 Phi-

624 2509 741 2550 lippus
755 2511 848 2541 tutor
866 2509 1014 2550 existit);
1034 2510 1110 2541 orta
1131 2509 1222 2541 enim
1239 2509 1328 2541 inter
1345 2518 1424 2541 eum
1441 2511 1474 2541 et
1494 2509 1662 2550 quosdam
1680 2509 1838 2541 subditos
1855 2510 1947 2550 regis
1962 2510 2097 2550 praefati
2113 2511 2243 2543 discor-

625 2564 693 2601 dia,
707 2573 781 2604 quae
796 2563 905 2595 adhuc
919 2563 1042 2595 durare
1053 2563 1257 2602 dinoscitur,
1272 2564 1518 2595 testamentum
1531 2563 1730 2604 hujusmodi
1743 2573 1763 2594 a
1777 2564 1931 2604 tempore
1946 2566 2115 2604 susceptae
2131 2566 2244 2597 tutelae

624 2618 749 2659 exequi
775 2618 953 2650 commode
977 2617 1144 2658 nequivit,
1171 2619 1204 2649 et
1233 2619 1372 2649 veretur
1403 2626 1445 2649 ne
1473 2619 1656 2658 propterea
1683 2617 1888 2649 sententiam
1917 2626 2050 2650 excom.
2082 2619 2244 2658 praedicta

625 2672 869 2705 constitutione
885 2671 992 2704 latam
1009 2672 1172 2703 incurrat.
1188 2672 1242 2712 (A.
1261 2673 1313 2710 24,
1328 2671 1352 2702 f.
1367 2673 1407 2704 59
1422 2671 1453 2710 b;
1473 2671 1509 2703 V.
1532 2672 1584 2710 80,
1602 2680 1654 2711 ep.
1671 2671 1737 2711 58.)

670 2723 807 2756 23444.
827 2744 866 2749 -
883 2725 1050 2758 Ademario
1074 2735 1144 2767 ep.o
1161 2725 1334 2757 Massilien.
1351 2725 1499 2757 facultas
1520 2725 1680 2765 exigendi
1706 2725 1900 2757 subsidium
1923 2734 1942 2756 a
1958 2726 2118 2766 personis
2138 2726 2241 2758 eccle-

625 2781 722 2813 siast.
742 2789 884 2813 suarum
899 2781 991 2812 civit.
1009 2781 1042 2812 et
1055 2780 1117 2818 di.,
1136 2780 1177 2811 ad
1199 2780 1403 2811 solvendum
1426 2779 1575 2820 pretium
1592 2788 1659 2819 quo
1680 2779 1763 2811 emit
1778 2779 1997 2811 medietatem
2015 2779 2120 2810 castri
2135 2779 2176 2810 de
2190 2779 2241 2811 Si-

625 2844 702 2876 gna,
719 2843 790 2867 suae
812 2835 872 2872 di„
890 2843 966 2875 quae
983 2832 1122 2874 quidem
1138 2833 1307 2865 medietas
1327 2833 1369 2864 ab
1386 2833 1467 2865 eccl.
1486 2832 1678 2865 Massilien.
1691 2832 1871 2864 tenebatur
1890 2832 1924 2863 in
1943 2832 2094 2864 feudum.
2112 2849 2150 2854 —
2165 2833 2194 2864 Ι.
2211 2841 2240 2864 e.

625 2898 672 2921 m.
688 2897 764 2929 ep.o
780 2889 958 2928 Tolonen.‚
979 2889 1012 2920 et
1029 2887 1240 2920 Avenionen.
1260 2896 1298 2919 ac
1314 2887 1512 2919 Sistaricen.
1536 2886 1732 2927 praepositis
1749 2885 1831 2918 eccl.
1850 2886 1904 2926 (A.
1918 2887 1970 2923 24,
1985 2885 2008 2916 f.
2025 2886 2065 2916 44
2078 2885 2107 2922 b;
2132 2885 2167 2917 V.
2187 2887 2239 2924 80,

626 2951 679 2983 ep.
699 2943 762 2984 22).

670 2993 808 3027 23445.
826 3014 866 3019 —
882 2995 1000 3027 loanni
1023 2995 1059 3027 de
1082 2995 1246 3033 Bastonia,
1262 2995 1393 3027 decano
1420 2994 1502 3026 eccl.
1529 3003 1556 3025 s.
1575 2993 1814 3025 Bartholomaei
1841 2992 2014 3030 Leodien.,
2038 2992 2139 3024 facul.
2165 2993 2239 3024 fun-

626 3049 729 3082 dandi
745 3051 778 3082 et
800 3050 939 3082 dotandi
956 3058 1060 3081 unam
1076 3049 1243 3089 capellam
1264 3049 1300 3080 in
1324 3048 1410 3080 villa
1431 3048 1471 3080 de
1488 3047 1660 3084 Bastonia,
1680 3046 1841 3078 Leodien.
1861 3046 1920 3083 di„
1941 3046 1977 3077 in
1990 3045 2095 3078 fundo
2113 3055 2187 3084 suo,
2204 3046 2240 3078 in
