2540 3496
343 271 403 301 230

372 363 477 390 Datum
501 355 685 391 Avenione.

415 468 450 495 21
465 466 532 500 jun.
553 463 642 492 1326.

429 516 471 546 (xi
490 510 549 538 kal.
564 508 631 545 jul.)

435 557 464 583 T.
484 555 528 586 xl,
544 553 615 581 XIII.

485 892 521 919 Ut
539 900 563 919 s.

487 1053 521 1080 Ut
537 1061 560 1079 s.

484 1320 520 1348 Ut
538 1328 562 1347 0.

427 1365 459 1393 T.
480 1365 527 1399 XI,
548 1365 621 1393 xm.

486 1535 522 1563 Ut
538 1544 561 1562 s.

485 1750 521 1778 Ut
541 1758 565 1777 s.

431 1796 463 1825 T.
481 1795 526 1828 XI,
540 1795 613 1824 xlll.

486 1912 520 1939 Ut
541 1920 564 1938 s.

430 1957 459 1983 T.
478 1957 524 1990 xl,
540 1956 610 1984 XIII.

483 2181 519 2209 Ut
540 2190 563 2208 s.

430 2226 460 2254 T.
476 2226 522 2261 xl,
539 2226 610 2254 xlll.

480 2449 517 2477 Ut
536 2457 560 2476 0.

441 2494 472 2521 T.
488 2494 522 2528 X,
538 2494 597 2521 ΧΠ.

402 2663 443 2691 22
455 2663 525 2698 jun.
546 2663 637 2694 1326.

427 2711 457 2743 (x
476 2708 536 2736 kal.
551 2708 617 2745 jul.)

461 2754 492 2781 T.
514 2754 570 2781 XX.

735 267 910 298 JOANNIS
934 267 1052 298 PAPAE
1075 267 1179 298 XXII.
1205 268 1455 307 (1316-1334).
1480 284 1518 288 —
1541 265 1728 296 LITTERAE
1751 264 1978 297 COMMUNES

817 459 954 491 25710.
974 479 1011 483 -
1027 461 1150 491 Simoni
1164 459 1200 491 de
1213 459 1430 501 Rupecavardi
1444 460 1582 492 collatio
1597 460 1771 500 prioratus
1787 460 1902 492 saecul.
1918 461 2000 492 eccl.
2017 460 2050 493 S.
2068 461 2208 493 Martini
2219 462 2260 494 de
2275 463 2383 501 Yson,

773 515 1037 554 Burdegalensis
1052 515 1110 553 di.,
1126 514 1280 545 vacantis
1293 523 1353 554 per
1369 515 1528 554 resignat.
1545 514 1710 546 Aimerici
1727 514 1768 546 de
1782 514 2032 554 Rupefolcaudi
2043 524 2084 547 ex
2100 524 2204 547 causa
2216 518 2386 556 permuta-

772 569 877 599 tionis
891 577 968 599 cum
982 567 1190 608 archipresb.
1206 567 1511 605 Montisandronis,
1529 567 1742 600 Xanctonen.
1761 568 1822 604 di.,
1838 568 1929 608 apud
1943 568 1977 600 S.
1994 569 2035 600 A.
2054 569 2196 607 factam
2213 578 2279 602 non
2296 569 2383 602 obst.

773 622 808 652 in
828 621 1059 658 Atrebatensi,
1077 621 1285 653 Bituricensi
1308 622 1342 652 et
1364 621 1399 652 in
1421 621 1462 653 de
1482 621 1624 661 Capella
1649 621 1820 658 Talhafer‚
1845 621 2103 654 Lemovicensis
2121 623 2182 661 di.,
2207 632 2327 655 canon.
2352 625 2386 656 et

774 674 891 714 praeb.,
911 675 946 705 in
962 675 1164 706 Noviomen.
1186 675 1268 706 eccl.
1290 683 1411 706 canon.
1435 674 1499 705 sub
1522 683 1618 715 exsp.
1640 674 1757 715 praeb.,
1785 684 1823 707 ac
1837 675 1993 715 prioratu
2016 676 2130 708 saecul.
2146 677 2186 709 de
2204 677 2383 718 Montpoli‚

771 737 799 759 s.
819 737 860 763 c.‚
878 728 936 768 qui
951 737 1012 759 nec
1027 728 1119 769 dign.
1136 737 1198 759 nec
1213 730 1417 768 personatus
1434 728 1563 764 existit,
1583 729 1842 769 Andegavensis
1861 729 1908 760 di.
1924 747 1963 752 —
1978 729 2005 760 I.
2025 738 2054 761 e.
2077 739 2123 761 m.
2138 739 2215 770 ep.o
2228 731 2384 772 Engolis·

772 782 896 818 mensi,
913 784 946 813 et
969 782 1111 817 archid.‚
1136 791 1173 813 ac
1199 782 1360 813 Menardo
1385 782 1426 813 de
1453 781 1710 820 Montechaude‚
1734 791 1807 814 can.
1836 782 1918 814 eccl.
1940 783 2228 824 Engolismensis.
2251 785 2305 824 (A.
2331 786 2384 823 25,

769 836 792 867 f.
810 837 869 867 165
885 841 913 871 ²3
938 835 971 866 V.
988 838 1038 872 81,
1058 844 1112 876 ep.
1130 835 1235 874 1885.)

817 887 957 919 25711.
977 908 1015 912 -
1035 890 1164 930 Roqerio
1179 889 1216 920 de
1233 900 1258 919 s.
1277 888 1452 925 Desiderio,
1469 889 1550 921 cler.
1569 889 1663 921 chori
1681 890 1716 921 in
1733 890 1879 922 ecclesia
1896 890 2092 931 Valentina,
2109 891 2247 923 collatio
2264 901 2383 924 canon.

771 945 805 975 et
820 943 923 984 praeb.
945 944 1026 975 eccl.
1043 943 1241 975 Atrebaten.
1260 945 1500 975 vacaturorum
1521 951 1581 983 per
1595 944 1888 975 consecrationem
1905 944 2050 976 Joannis
2066 945 2165 977 electi
2186 945 2383 1010 Atrebaten·

771 998 832 1029 sis.
853 1015 888 1019 —
911 998 937 1028 I.
955 1006 984 1029 e.
1005 1006 1050 1028 m.
1065 999 1102 1029 ut
1119 997 1220 1029 infra.
1240 996 1290 1035 (V.
1305 998 1356 1035 81,
1373 1005 1427 1037 ep.
1441 997 1547 1037 2058.)

814 1049 954 1081 25712.
980 1068 1019 1073 -
1038 1051 1182 1082 Artaudo
1207 1051 1244 1081 de
1270 1051 1464 1092 Clavaysone
1486 1050 1620 1083 collatio
1640 1059 1759 1083 canon.
1786 1051 1868 1083 eccl.
1885 1052 2095 1084 Viennensis
2118 1053 2154 1084 in
2177 1062 2244 1094 qua
2269 1055 2385 1086 certus

769 1114 842 1136 can.
861 1114 1025 1136 numerus
1042 1107 1074 1136 et
1088 1105 1191 1145 praeb.
1209 1105 1385 1136 distinctio
1402 1113 1470 1136 non
1484 1105 1654 1141 existunt;
1671 1114 1739 1136 non
1754 1105 1843 1137 obst.
1862 1106 1898 1137 in
1913 1106 1994 1138 eccl.
2015 1107 2049 1139 S.
2072 1107 2240 1139 Bernardi
2258 1107 2301 1139 (10
2317 1107 2384 1140 Βο-

769 1159 894 1196 manis,
908 1159 1076 1190 Viennen.
1095 1159 1155 1196 di.,
1174 1167 1292 1190 canon.
1313 1158 1355 1190 de
1373 1167 1439 1199 quo
1454 1158 1541 1190 nihil
1558 1159 1712 1199 percipit.
1732 1177 1772 1182 —
1792 1159 1820 1190 Ι.
1836 1168 1866 1191 0.
1891 1168 1938 1191 m.
1955 1160 2064 1200 priori
2088 1169 2116 1192 s.
2134 1161 2261 1193 Felicis
2280 1162 2314 1193 et
2333 1170 2386 1193 sa·

769 1213 881 1244 cristae
910 1213 1024 1244 saecul.
1060 1222 1089 1243 s.
1117 1212 1282 1243 Bernardi
1307 1212 1349 1244 de
1377 1212 1558 1250 Romanis,
1579 1212 1748 1244 Valentin.
1777 1214 1811 1244 et
1832 1213 2000 1245 Viennen.
2025 1214 2085 1252 di.,
2111 1223 2149 1246 30
2173 1214 2323 1255 Guigoni
2342 1215 2384 1247 de

769 1275 798 1298 s.
822 1267 1005 1304 Germano,
1025 1266 1151 1297 archid.
1171 1267 1356 1297 Benascen.
1374 1266 1521 1297 Ilerden.
1538 1265 1621 1297 0001.
1641 1266 1694 1306 (V.
1712 1268 1763 1304 81,
1778 1275 1830 1306 ep.
1850 1268 1957 1306 2059.)

815 1317 953 1350 25713.
967 1338 1006 1343 -
1023 1319 1248 1354 Palamedesio,
1266 1324 1339 1350 nato
1355 1319 1464 1350 Jacobi
1479 1319 1515 1351 de
1539 1319 1691 1352 Commta
1713 1330 1739 1352 s.
1760 1320 1919 1351 Leonardi
1935 1320 1973 1352 de
1989 1321 2110 1360 Pudnu,
2130 1331 2225 1362 prov.
2243 1322 2384 1355 clerica-

769 1377 824 1407 tus
841 1375 921 1405 eccl.
942 1383 970 1405 s.
987 1374 1101 1405 Luciae
1116 1374 1156 1404 de
1173 1374 1290 1404 Padua
1308 1373 1372 1404 sub
1388 1382 1484 1413 exsp.
1502 1373 1618 1414 presb„
1634 1375 1805 1406 consuetae
1819 1374 1955 1406 clericis
1970 1375 2082 1414 ipsius
2101 1376 2182 1407 eccl.
2199 1376 2383 1417 assignari.

769 1447 807 1452 -
826 1429 852 1459 Ι.
871 1437 900 1460 0.
918 1437 962 1459 m.
979 1428 1011 1459 S.
1029 1428 1072 1459 M.
1089 1428 1129 1459 de
1143 1427 1279 1462 Vantio,
1295 1430 1327 1460 et
1347 1428 1382 1460 S.
1400 1428 1446 1459 Μ.
1465 1428 1506 1459 (10
1531 1427 1676 1459 Portilia
1695 1437 1733 1459 ac
1754 1437 1782 1459 s.
1804 1428 1925 1460 Jacobi
1940 1429 1981 1460 de
2002 1429 2217 1462 Pontecurvo
2235 1431 2382 1463 monast.

768 1483 933 1519 Paduan„
953 1491 1012 1521 per
1028 1481 1161 1521 priores
1177 1481 1359 1513 solitorum
1373 1481 1467 1522 gub„
1485 1481 1658 1521 prioribus
1676 1482 1728 1521 (A.
1746 1483 1797 1519 25,
1819 1482 1842 1513 f.
1861 1483 1921 1513 232
1936 1482 1968 1520 ¹³3
1989 1482 2024 1514 V.
2041 1484 2094 1521 81,
2114 1492 2167 1524 ep.
2186 1484 2294 1524 2083.)

815 1533 952 1564 25714.
969 1555 1006 1558 -
1023 1534 1152 1566 Nicolao
1168 1539 1241 1565 reato
1254 1535 1346 1566 Lucae
1362 1535 1506 1566 Abaudis
1522 1544 1617 1575 prov.
1642 1544 1761 1567 canon.
1785 1536 1849 1567 sub
1863 1545 1961 1576 exsp.
1978 1536 2082 1576 praeb.
2102 1537 2183 1569 eccl.
2200 1547 2229 1569 0.
2243 1538 2384 1570 Martini

769 1591 810 1622 de
829 1590 991 1626 Tribano,
1009 1590 1177 1620 Paduanae
1191 1589 1237 1620 di.
1255 1606 1296 1613 —
1309 1590 1336 1620 Ι.
1354 1598 1384 1620 0.
1403 1598 1448 1620 m.
1468 1590 1503 1622 S.
1528 1589 1575 1621 M.
1595 1589 1635 1620 de
1651 1590 1776 1621 Vantio
1797 1591 1830 1621 et
1847 1584 1875 1621 s.
1891 1589 2011 1622 Jacobi
2026 1591 2067 1622 de
2087 1591 2302 1624 Pontecurvo
2317 1593 2383 1624 Pa-

768 1645 885 1680 duan.‚
902 1653 939 1674 ac
957 1652 984 1674 s.
1002 1643 1120 1674 Crucis
1137 1643 1176 1674 de
1193 1643 1395 1679 Celvarisio,
1411 1643 1581 1674 Paduanae
1597 1643 1656 1681 di.,
1674 1645 1819 1675 monast.
1836 1643 2024 1683 prioribus,
2040 1653 2101 1684 per
2116 1645 2250 1685 priores
2268 1646 2384 1679 solito·

769 1706 845 1729 rum
862 1697 940 1737 gub.
957 1697 1008 1736 (V.
1027 1697 1078 1732 81,
1095 1705 1148 1736 ep.
1165 1696 1272 1736 2085.)

813 1748 952 1781 25715.
965 1769 1002 1773 -
1012 1751 1150 1781 Μανιιίιο
1162 1755 1235 1780 nato
1246 1750 1362 1791 quoad.
1373 1749 1455 1781 Pilei
1468 1750 1504 1781 de
1514 1750 1612 1781 Pileis
1628 1759 1722 1791 prov.
1739 1759 1856 1782 canon.
1871 1750 1935 1782 sub
1946 1751 2156 1792 exsp.praeb.
2174 1753 2255 1785 eccl.
2273 1761 2302 1785 s.
2313 1754 2382 1786 An-

769 1805 858 1836 dreae
874 1805 1027 1836 Paduan.
1047 1822 1085 1827 —
1101 1805 1126 1836 Ι.
1144 1813 1172 1835 0.
1194 1813 1239 1835 m.
1257 1804 1290 1836 S.
1303 1805 1347 1836 M.
1366 1805 1407 1835 de
1425 1804 1563 1842 Vantio,
1582 1805 1615 1836 et
1629 1813 1661 1836 0.-
1675 1805 1810 1844 Sophiae
1825 1814 1864 1836 ac
1878 1805 1912 1837 S.
1930 1805 1976 1836 M.
1993 1805 2035 1837 de
2051 1805 2199 1838 Portilia
2213 1809 2382 1840 monaste·

767 1859 898 1889 riorum
911 1859 1063 1889 Paduan.
1076 1857 1262 1897 prioribus,
1280 1866 1341 1897 per
1353 1858 1488 1898 priores
1504 1858 1686 1890 solitorum
1697 1858 1777 1898 gub.
1791 1858 1844 1898 (A.
1855 1859 1906 1896 25,
1920 1858 1943 1890 f.
1962 1860 2023 1890 253
2039 1864 2069 1897 ⁸5
2084 1859 2120 1891 V.
2136 1860 2189 1896 81,
2205 1867 2259 1901 ep.
2275 1861 2382 1901 2132.)

814 1910 951 1941 25716.
972 1931 1010 1935 —
1037 1911 1266 1953 Compagnino,
1290 1917 1363 1942 nato
1386 1923 1418 1943 n.
1438 1922 1467 1943 v.
1493 1912 1614 1943 Alberti
1635 1911 1738 1943 Asalae
1763 1912 1839 1943 civis
1867 1912 2026 1951 Paduam}
2043 1913 2180 1946 collatio
2202 1914 2383 1948 clericatus

767 1967 848 1998 eccl.
868 1975 895 1997 s.
912 1966 1031 1997 Jacobi
1054 1966 1452 1998 Pontismolendinorum
1475 1966 1628 1998 Paduan.
1659 1966 1723 1997 sub
1741 1974 1837 2006 exsp.
1864 1966 1982 2006 praeb.,
2007 1967 2119 2007 ipsius
2144 1969 2224 2000 0001.
2247 1968 2383 2001 clericis

766 2020 937 2060 assignari
953 2021 1133 2051 consuetae.
1152 2037 1190 2042 -
1208 2020 1235 2051 1.
1253 2029 1282 2051 e.
1299 2029 1344 2051 m.
1366 2020 1400 2051 S.
1421 2020 1466 2051 M.
1485 2020 1526 2052 de
1544 2020 1682 2057 Vantio,
1700 2021 1733 2051 et
1755 2021 1790 2052 S.
1809 2020 1854 2051 M.
1877 2020 1918 2052 de
1941 2021 2087 2052 Portilia
2103 2029 2141 2053 ac
2163 2030 2191 2053 0.
2207 2021 2326 2054 Jacobi
2340 2023 2382 2056 de

765 2074 978 2105 Pontecurvo
993 2075 1138 2104 monast.
1160 2074 1326 2111 Paduan„
1347 2082 1408 2114 per
1426 2074 1560 2114 priores
1577 2073 1758 2105 solitorum
1777 2074 1869 2114 gub„
1890 2074 2075 2114 prioribus.
2094 2075 2149 2116 (A.
2170 2077 2221 2114 25,
2239 2075 2263 2107 f.
2279 2077 2380 2114 26725

773 2127 806 2159 V.
824 2129 875 2164 81,
894 2136 947 2167 ep.
965 2129 1069 2166 2147.)

812 2179 950 2211 25717.
968 2200 1004 2204 -
1020 2181 1122 2211 Daulo
1139 2185 1212 2211 nato
1225 2191 1257 2213 n.
1273 2191 1302 2211 v.
1317 2181 1470 2212 Schinelae
1485 2181 1522 2212 de
1537 2181 1620 2212 Doco
1636 2181 1674 2212 de
1685 2181 1798 2213 Padua
1812 2181 1950 2213 collatio
1962 2182 2142 2214 clericatus
2157 2183 2240 2215 eccl.
2253 2192 2283 2216 0.
2299 2184 2380 2216 Bar-

765 2235 938 2267 tholomaei
953 2235 993 2266 de
1012 2235 1141 2272 Padua,
1158 2234 1223 2266 sub
1238 2243 1336 2275 exsp.
1353 2235 1458 2275 praeb.
1478 2235 1613 2267 clericis
1630 2235 1742 2275 ipsius
1765 2235 1846 2267 eccl.
1866 2236 2037 2276 assignari
2055 2237 2164 2268 solitae
2170 2246 2180 2274 ς
2200 2246 2268 2269 non
2289 2237 2379 2270 obst.

765 2289 912 2330 quodam
928 2288 1039 2320 benef.
1060 2298 1088 2320 0.
1110 2298 1138 2320 c.
1155 2289 1191 2319 in
1206 2289 1287 2320 eccl.
1304 2288 1337 2320 S.
1358 2289 1404 2321 M.
1419 2289 1460 2320 de
1476 2289 1679 2321 Terradura.
1696 2308 1734 2312 —
1749 2289 1775 2321 I.
1791 2298 1820 2320 0.
1837 2298 1883 2320 m.
1899 2290 1934 2322 S.
1950 2290 1996 2321 M.
2013 2290 2054 2322 de
2071 2291 2208 2330 Vantio,
2228 2292 2262 2323 et
2281 2301 2308 2324 0.
2328 2293 2380 2324 Ja-

767 2342 843 2374 cobi
861 2343 901 2373 de
915 2343 1127 2374 Pontecurvo
1147 2351 1184 2373 30
1206 2351 1234 2373 0.
1257 2343 1400 2374 Joannis
1419 2343 1461 2374 de
1479 2343 1655 2374 Viridaria
1677 2342 1830 2375 Paduan.
1848 2344 2009 2380 monast..
2025 2352 2086 2383 per
2104 2345 2240 2384 priores
2259 2345 2380 2378 solito-

767 2405 844 2427 rum
863 2396 955 2435 gub„
975 2395 1162 2435 prioribus.
1178 2397 1231 2436 (A.
1246 2397 1297 2434 25,
1316 2396 1338 2426 f.
1358 2397 1418 2427 274
1436 2401 1464 2432 ²²3
1485 2396 1521 2427 V.
1538 2397 1589 2434 81,
1604 2405 1656 2435 ep.
1672 2397 1778 2435 2160.)

812 2447 950 2479 25718.
968 2467 1007 2471 —
1028 2448 1209 2480 Alexandro
1226 2454 1299 2480 nato
1319 2460 1352 2481 n.
1369 2459 1398 2480 v.
1414 2449 1590 2480 Alexandri
1611 2449 1680 2480 (1.)ιί
1697 2449 1734 2480 de
1755 2450 1792 2480 S.
1812 2449 1986 2488 Desiderio,
2003 2451 2150 2483 Anicien.
2166 2452 2225 2489 di.,
2243 2452 2380 2486 collatio

766 2512 884 2534 canon.
905 2503 985 2534 eccl.
1001 2503 1175 2535 Valentin.
1191 2503 1226 2533 in
1244 2512 1323 2543 qua,
1339 2503 1420 2534 licet
1437 2503 1482 2534 sit
1498 2504 1611 2534 certus
1627 2504 1668 2534 de
1683 2511 1771 2534 novo
1789 2512 1849 2543 per
1866 2504 1967 2544 capit.
1980 2504 2090 2544 ejusd.
2108 2506 2189 2538 eccl.
2205 2507 2382 2540 canonico-

765 2565 841 2588 rum
858 2565 1023 2588 numerus
1039 2556 1232 2594 institutus,
1247 2556 1350 2596 praeb.
1363 2558 1477 2588 tamen
1491 2556 1664 2588 distinctio
1679 2565 1746 2588 non
1756 2556 1910 2589 habetur.
1926 2576 1965 2581 —
1977 2558 2003 2589 Ι.
2015 2567 2044 2590 0.
2058 2568 2104 2590 m.
2118 2560 2155 2591 ut
2169 2569 2211 2598 s.,
2224 2569 2256 2592 n.
2266 2561 2379 2594 25712.

764 2610 818 2650 (A.
834 2611 885 2645 25,
902 2610 925 2641 f.
941 2611 1001 2642 625
1014 2609 1047 2646 ¹’3
1074 2610 1110 2641 V.
1128 2611 1179 2648 81,
1196 2619 1248 2650 ep.
1268 2611 1374 2649 2861.)

810 2661 947 2693 25719.
964 2682 1003 2686 -
1022 2663 1189 2705 Archiep.o
1206 2663 1456 2705 Compostellano
1468 2665 1581 2695 mand.
1596 2665 1633 2695 ut
1646 2665 1819 2697 Bernardo
1839 2665 1978 2697 Martini
1994 2668 2027 2698 et
2046 2667 2215 2700 Roderico
2237 2667 2380 2700 Martini

765 2718 926 2752 Tarrazo‚
944 2717 1017 2748 mil.
1038 2717 1164 2758 quond.
1184 2717 1255 2749 ord.
1280 2717 1413 2749 militiae
1432 2718 1579 2758 Templi,
1596 2718 1740 2758 Justitiae
1768 2719 2056 2759 complementum
2079 2721 2238 2754 exhibeat
2263 2724 2380 2755 contra

763 2771 982 2803 Fernandum
997 2771 1168 2808 Roderici‚
1181 2771 1330 2811 priorem
1346 2771 1530 2811 hospitalis
1546 2780 1573 2803 0.
1589 2772 1610 2803 J
1612 2772 1733 2803 oannis
1748 2773 2023 2805 Jerosolimitani
2036 2774 2072 2805 in
2087 2784 2192 2816 regno
2207 2775 2378 2814 Castellae,

765 2833 867 2865 super
883 2825 1054 2856 solutione
1071 2825 1295 2865 pecuniarum
1311 2834 1372 2865 pro
1386 2825 1541 2865 ipsorum
1558 2825 1635 2857 vitae
1652 2827 1858 2857 necessariis
1883 2835 1944 2867 per
1965 2826 1998 2859 b.
2017 2836 2083 2859 me.
2103 2829 2310 2861 Rodericum
2326 2838 2377 2862 ar-

762 2878 933 2918 chiep.um
953 2878 1270 2918 Compostellanum
1288 2880 1375 2910 auct.
1402 2880 1510 2919 apost.
1529 2879 1768 2919 deputatarum
1792 2880 1833 2911 de
1849 2881 2072 2920 proventibus
2088 2882 2210 2914 domus
2226 2883 2267 2915 (10
2280 2883 2378 2923 Paja-

762 2941 816 2964 res
829 2933 870 2963 de
887 2932 1030 2964 bailivia
1049 2941 1076 2963 s.
1097 2932 1274 2964 Michaelis
1300 2933 1341 2964 de
1359 2933 1474 2964 Aeriis
1490 2934 1685 2965 Zamorren.
1707 2935 1739 2965 et
1759 2935 1857 2966 certae
1872 2934 1995 2966 domus
2013 2934 2163 2968 bailiviae
2177 2937 2374 2977 Maj0ricen.

761 2987 813 3026 (A.
833 2988 883 3023 25,
900 2986 923 3017 f.
943 2987 999 3017 133
1018 2992 1046 3024 ἓ;
1070 2985 1103 3016 V.
1122 2987 1173 3022 81,
1190 2995 1243 3026 ep.
1263 2986 1368 3027 1807.)
