2540 3496
300 342 360 372 ⁴72

334 430 438 458 Datum
458 423 638 457 Avenione.

302 639 319 666 h
336 640 377 672 (iv
389 638 472 670 non.)
485 639 567 663 mart.
583 634 673 664 1327,

396 683 426 709 T.
449 682 494 714 xl,
512 681 583 708 XIII.

451 903 485 930 Ut
503 912 526 930 S.

398 949 428 976 Τ.
446 949 492 982 XI,
507 948 579 975 XIII.

448 1173 484 1200 Ut
500 1181 524 1200 S.

393 1219 424 1246 T.
443 1218 488 1252 ΧΙ,
505 1218 577 1245 Xlll.

305 1389 322 1417 5
335 1389 381 1424 (111
393 1388 474 1422 non.)
486 1391 569 1416 mart.
586 1386 673 1415 1327.

378 1434 408 1461 T.
427 1434 525 1467 xvni,
542 1433 599 1460 xx.

452 1817 487 1845 Ut
505 1825 529 1846 S.

394 1862 425 1889 T.
442 1862 489 1892 xi,
508 1861 579 1888 XIII.

449 2085 485 2113 Ut
504 2093 527 2112 s.

392 2130 423 2157 T.
442 2130 501 2163 XII,
518 2129 588 2157 XIV.

451 2407 487 2435 Ut
503 2416 527 2434 s.

401 2452 431 2479 T.
448 2452 494 2486 xi,
510 2452 582 2479 xm.

453 2568 490 2596 Ut
506 2577 530 2595 ε.

403 2613 433 2640 Τ.
450 2613 496 2647 XI,
507 2613 579 2640 XIII.

455 2783 490 2810 Ut
507 2791 531 2810 s.

706 336 880 367 JOANNIS
905 335 1023 366 PAI'AE
1045 334 1147 365 XXII.
1171 333 1420 375 (1316-1334).
1443 353 1480 357 —
1504 333 1692 364 LITTERAE
1715 309 1941 364 COMMUNIBS

730 535 775 558 m.
804 526 975 565 archiepo
998 525 1224 562 Ebredunen„
1249 526 1282 556 et
1303 533 1407 564 praep.
1432 524 1473 556 de
1498 525 1784 565 EpiscopaIIcella
1806 524 2040 556 constantien.
2062 525 2123 563 di.,
2141 526 2243 566 atque
2263 524 2343 557 Am·

730 580 845 611 brosio
862 580 902 610 de
919 579 1125 616 Medi01ano,
1143 587 1215 610 can.
1237 578 1464 609 Mediolanen.
1483 578 1717 610 ecclesiarum.
1738 579 1791 617 (A.
1810 579 1860 614 27,
1881 578 1903 609 f.
1920 579 2001 615 90⁵3
2023 577 2059 609 V.
2074 580 2126 614 83.
2143 587 2197 619 ep.
2217 579 2322 617 1302.)

778 629 914 673 28084.
932 650 970 655 —
988 631 1170 662 Hermanno
1186 631 1223 662 de
1246 631 1403 670 Hunwile,
1426 632 1540 662 rectori
1561 632 1691 673 paroch.
1718 631 1791 662 eccl.
1821 632 1855 662 in
1879 631 1999 672 Altorf,
2021 632 2266 664 Constantiemie
2284 630 2342 667 di.,

730 687 840 726 gratia
856 694 950 725 exsp.
971 685 1081 717 benef.
1102 685 1327 717 ecclesiastici
1352 694 1379 716 0.
1400 694 1428 717 0.
1450 686 1505 717 vel
1531 694 1558 716 s.
1577 694 1605 716 0.
1625 686 1666 717 ad
1685 685 1819 717 abbatis
1835 687 1868 716 et
1883 694 1980 717 conv.
2000 685 2201 717 monasterii
2215 685 2344 718 Eremi-

730 741 842 771 tarum
858 740 896 771 O.
915 740 949 771 S.
969 740 1024 777 A„
1042 739 1196 779 ejusdem
1213 739 1272 776 di.,
1292 739 1554 779 dispositionem
1574 739 1790 780 pertinentis.
1811 739 1902 771 -In
1928 748 1958 771 e.
1979 748 2025 771 m.
2053 739 2166 771 abbati
2185 739 2222 770 in
2243 738 2342 776 Ruri,

732 794 765 824 et
783 802 886 833 praep.
905 793 1195 824 MontisthurIcini
1214 793 1514 832 monasteriorum,
1530 801 1591 833 per
1607 801 1709 833 praep.
1726 792 1821 824 soliti
1838 792 1930 833 gub„
1947 801 1985 824 ac
1999 801 2087 833 mag.
2107 792 2289 824 Ambrosio
2302 792 2344 823 de

732 847 936 885 Mediolano,
956 855 1030 878 can.
1049 847 1129 878 eccl.
1148 846 1428 878 Mediolanensis.
1449 846 1501 885 (A.
1518 848 1570 884 27,
1590 847 1612 878 f.
1633 847 1690 879 133
1703 851 1732 883 ·;
1753 846 1789 878 V.
1806 847 1859 884 83,
1883 855 1935 887 ep.
1956 848 2062 885 13⁴9.)

780 897 916 930 28085.
937 919 973 924 -
993 900 1075 941 May.
1097 899 1256 931 Balduino
1272 899 1308 930 de
1325 900 1466 931 Balciam
1484 900 1621 932 collatio
1638 909 1756 932 canon.
1783 899 1847 931 sub
1864 909 1960 940 exsp.
1984 899 2088 941 praeb.
2110 900 2191 932 eccl.
2210 908 2238 930 s.
2261 898 2344 931 Dio-

734 954 825 994 nysii
840 954 1014 992 Leodien.‚
1034 954 1164 985 consid.
1184 954 1298 985 Caroli
1314 954 1354 985 R.
1373 955 1410 986 F.
1429 956 1462 986 et
1478 955 1540 992 N.;
1558 962 1623 986 non
1644 954 1732 985 obst.
1750 954 1785 985 in
1801 954 1882 985 eccl.
1898 954 2070 994 Bajocen.,
2091 955 2124 985 et
2141 954 2176 985 in
2193 953 2289 984 villis
2302 953 2343 984 de

734 1008 930 1049 Roussefay
949 1017 987 1039 ac
1009 1009 1050 1040 de
1074 1008 1258 1040 Villanova
1283 1008 1440 1046 Comitis,
1468 1008 1670 1039 Ambianen.
1688 1010 1722 1039 et
1742 1007 1888 1039 Melden.
1907 1007 1967 1045 di.,
1990 1007 2192 1048 capellaniis
2209 1015 2237 1038 S.
2256 1015 2286 1038 c.
2306 1023 2345 1039 -ι-

734 1062 772 1093 In
789 1071 818 1093 e.
842 1071 888 1094 m.
906 1062 1034 1093 archid.
1053 1062 1093 1093 de
1110 1061 1254 1093 Pontivo
1270 1061 1487 1100 Ambianen.,
1505 1063 1539 1093 et
1554 1061 1757 1093 cancellario
1777 1061 1958 1099 Parisien.,
1979 1070 2018 1093 ac
2035 1061 2165 1093 cantori
2185 1060 2345 1100 Petrago·

734 1116 838 1147 ricen.
857 1116 939 1147 eccl.
959 1116 1010 1155 (A.
1031 1117 1083 1153 27,
1101 1115 1123 1146 f.
1141 1116 1203 1147 209
1218 1120 1249 1153 ³3
1273 1114 1307 1145 V.
1325 1116 1376 1152 83,
1395 1124 1447 1155 ep.
1468 1117 1573 1155 1550.)

780 1167 915 1198 28086.
937 1187 976 1192 -
995 1169 1158 1207 Gotboldo,
1184 1174 1258 1200 nato
1274 1168 1397 1200 Alberti
1412 1169 1449 1200 de
1464 1169 1691 1210 Bluomenberq
1707 1168 1827 1206 militis,
1849 1169 1987 1200 collatio
2009 1177 2129 1200 canon.
2154 1168 2219 1200 sub
2247 1176 2344 1208 exsp.

733 1223 836 1263 praeb.
856 1223 935 1255 eccl.
956 1223 1190 1255 Constantien.
1212 1223 1302 1254 —In
1319 1231 1348 1254 e.
1367 1232 1412 1254 m.
1430 1232 1458 1254 S.
1476 1223 1566 1255 Galli
1583 1225 1615 1254 et
1632 1223 1667 1254 in
1685 1222 1862 1260 Schafusa,
1878 1222 2113 1254 constantien.
2132 1222 2194 1260 di.,
2212 1229 2346 1253 monas-

733 1278 898 1308 teriorum
919 1277 1111 1314 abbatibus,
1139 1286 1176 1308 ac
1196 1286 1285 1317 mag.
1313 1277 1456 1309 Nicolao
1474 1277 1515 1308 de
1532 1277 1678 1315 Fractis‚
1698 1285 1771 1308 can.
1790 1276 1982 1316 Patracen.,
2001 1276 2068 1308 litt.
2090 1277 2197 1316 apost.
2218 1283 2345 1307 correc-

733 1332 811 1362 tori.
832 1332 883 1370 (A.
903 1333 953 1369 27,
972 1332 996 1363 f.
1011 1333 1070 1363 463
1085 1336 1113 1367 ²3
1133 1331 1169 1363 V.
1186 1332 1239 1368 84,
1255 1340 1308 1371 ep.
1328 1331 1435 1370 2292.)
2334 1325 2336 1327 ’

780 1383 917 1415 28087.
940 1403 977 1408 -
993 1386 1181 1417 Cassantur
1195 1385 1421 1416 alienationes
1435 1385 1528 1416 factae
1545 1385 1586 1416 de
1602 1384 1702 1416 bonis
1718 1386 1865 1416 monast.
1885 1393 1932 1416 ss.
1950 1384 2094 1416 Andreae
2110 1384 2144 1415 et
2159 1382 2298 1423 Georgii
2312 1381 2347 1413 in

736 1439 949 1471 Clivoscauri
969 1439 1009 1470 de
1025 1439 1116 1471 Urbe
1132 1439 1174 1470 ad
1189 1439 1231 1471 R.
1248 1439 1288 1470 E.
1306 1438 1402 1470 nullo
1419 1439 1530 1470 medio
1547 1439 1685 1478 pertin„
1699 1439 1737 1470 O.
1755 1438 1788 1470 S.
1807 1439 1859 1476 Β.,
1879 1447 1939 1479 per
1952 1437 2092 1469 abbates
2108 1436 2261 1477 eiusdem
2278 1444 2348 1468 mo-

736 1495 824 1524 nast.
843 1495 875 1524 et
893 1493 1088 1533 specialiter
1105 1502 1165 1533 per
1181 1493 1369 1525 Berardum
1399 1493 1439 1524 de
1467 1493 1693 1533 Montenigro,
1722 1501 1813 1524 mon.
1835 1493 1869 1524 S.
1893 1492 1937 1524 M.
1953 1492 1994 1523 de
2009 1491 2148 1529 Bancia‚
2164 1490 2246 1522 dicti
2261 1489 2349 1526 ord„
2397 1512 2401 1515 ,

739 1547 960 1579 Acherontin.
979 1547 1038 1581 di.,
1057 1548 1138 1578 tunc
1165 1547 1298 1586 praefati
1328 1547 1474 1578 monast.
1497 1555 1545 1578 ss.
1569 1547 1715 1578 Andreae
1741 1548 1773 1578 et
1790 1543 1929 1586 Georgii
1947 1545 2116 1582 abbatem,
2133 1544 2236 1576 etiam
2252 1544 2347 1584 post-

737 1610 836 1641 quam
873 1599 891 1632 a
918 1601 1013 1640 Papa
1034 1609 1225 1640 suspensus
1251 1601 1328 1636 fuit,
1357 1600 1568 1631 instantibus
1597 1600 1780 1632 Benedicto
1812 1600 1894 1631 dicti
1921 1599 2122 1631 monasterii
2153 1597 2288 1635 abbate,
2311 1605 2350 1629 ac

739 1664 766 1686 s.
780 1655 880 1686 Pauli
898 1655 938 1686 de
955 1654 1047 1687 Urbe
1064 1655 1097 1685 et
1112 1663 1140 1686 S.
1165 1654 1355 1686 Salvatoris
1368 1654 1520 1693 majoris,
1533 1654 1669 1685 Reatin.
1686 1654 1747 1691 di.,
1766 1654 1912 1685 monast.
1931 1652 2124 1689 abhatibus,
2134 1653 2167 1683 et
2183 1651 2292 1683 Paulo
2306 1650 2350 1682 de

739 1709 882 1745 Comite,
900 1718 972 1739 can.
997 1708 1148 1739 basilicae
1173 1708 1341 1748 principis
1369 1708 1614 1748 Apostolorum
1631 1708 1672 1739 de
1696 1707 1787 1739 dicta
1810 1707 1913 1739 Urbe.
1941 1707 1996 1747 (A.
2012 1708 2065 1745 27,
2087 1706 2110 1737 f.
2129 1707 2170 1738 34
2186 1705 2217 1742 ¹³3
2242 1704 2277 1736 V.
2294 1705 2347 1742 83,

737 1772 789 1803 ep.
809 1764 913 1801 1146.)
1878 1764 1880 1766 “

783 1814 919 1845 28088.
939 1834 977 1839 -
994 1816 1078 1856 May.
1097 1816 1191 1846 Petro
1219 1815 1322 1846 Alrici
1341 1815 1478 1846 collatio
1502 1823 1637 1853 canon.,
1662 1814 1763 1854 praeb.
1785 1816 1817 1846 et
1843 1814 2025 1846 archidiac.
2049 1814 2131 1846 eccl.
2158 1813 2346 1846 Bononien.

738 1880 798 1910 per
813 1870 944 1902 obitum
963 1869 1189 1901 Guilhalmini
1209 1869 1250 1900 de
1266 1869 1394 1906 Brixia,
1416 1869 1450 1900 S.
1480 1870 1520 1900 A.
1549 1877 1635 1907 cap„
1662 1868 1752 1908 apud
1776 1869 1899 1901 Sedem
1920 1868 2031 1900 eamd.
2054 1868 2182 1908 praevia
2197 1866 2350 1908 generali

737 1933 865 1956 reserv.
890 1932 951 1963 per
969 1923 1179 1954 Clementem
1195 1923 1226 1954 V
1248 1923 1340 1954 edita
1361 1922 1567 1953 vacantium.
1587 1940 1624 1945 ——
1644 1923 1684 1953 In
1707 1931 1736 1954 e.
1756 1931 1802 1953 m.
1827 1922 1903 1954 abb.
1924 1931 1951 1953 s.
1971 1921 2136 1962 Stephani
2159 1920 2347 1953 Bononien.

736 1980 768 2010 et
789 1978 897 2018 pri0ri
913 1986 940 2008 s.
958 1977 1135 2008 Michaelis
1153 1977 1194 2007 de
1207 1977 1315 2008 Bosco
1335 1984 1440 2016 prope
1456 1976 1646 2008 Bononiam
1668 1984 1730 2015 per
1747 1976 1897 2015 priorem
1913 1975 2008 2007 soliti
2026 1974 2105 2015 gub.
2128 1973 2350 2006 monasterio-

735 2041 825 2069 rum,
842 2040 879 2062 ac
895 2031 1044 2062 Guidoni
1060 2031 1101 2061 de
1118 2039 1145 2061 s.
1161 2030 1344 2068 Germano,
1360 2039 1434 2061 can.
1451 2030 1533 2061 eccl.
1550 2030 1705 2061 Anicien.
1726 2030 1779 2068 (A.
1799 2031 1850 2067 27,
1868 2030 1891 2061 f.
1907 2031 1947 2062 45
1963 2035 1992 2067 ⁸3
2011 2029 2049 2061 V.
2061 2030 2114 2065 83,
2132 2037 2184 2068 ep.
2204 2029 2310 2068 1167.)

781 2083 920 2115 28089.
939 2102 977 2106 -
1000 2084 1116 2116 Jacobo
1136 2084 1249 2115 Viardi
1271 2084 1308 2114 de
1339 2083 1453 2114 Vicinis
1473 2084 1506 2114 in
1528 2084 1680 2115 Montana
1703 2083 1841 2115 collatio
1867 2083 2004 2124 paroch.
2027 2082 2109 2115 eccl.
2128 2083 2170 2114 de
2185 2081 2349 2119 villanis,

737 2140 991 2172 claromonten.
1007 2139 1066 2175 di.,
1086 2147 1146 2178 per
1159 2138 1289 2169 obitum
1306 2138 1431 2178 quond.
1447 2138 1578 2169 Garsiae
1592 2137 1683 2177 apud
1697 2138 1731 2170 S.
1749 2138 1790 2169 A.
1807 2137 1957 2168 defuncti
1968 2146 2056 2175 vac.,
2069 2145 2146 2168 cum
2157 2135 2350 2168 cassatione

737 2194 854 2234 gratiae
873 2202 969 2232 exsp.
986 2192 1097 2224 benef.
1115 2201 1142 2224 c.
1164 2201 1190 2223 c.
1209 2192 1259 2223 vel
1281 2200 1309 2223 S.
1338 2201 1380 2229 c.,
1399 2192 1521 2231 pertin.
1541 2191 1583 2222 ad
1598 2191 1710 2223 collat.
1729 2191 1783 2222 vel
1799 2191 2096 2231 praesentationem
2110 2199 2206 2222 conv.
2223 2189 2351 2231 priora·

736 2250 793 2279 tuS
814 2248 854 2278 de
871 2256 897 2278 S.
917 2247 1090 2284 Marcello,
1106 2246 1177 2277 ord.
1196 2246 1407 2283 Cluniacen.‚
1426 2245 1624 2277 cabilonen.
1636 2245 1696 2280 di.,
1715 2245 1749 2276 in
1764 2245 1856 2276 civit.
1873 2245 1928 2276 vel
1944 2245 1990 2276 di.
2006 2245 2193 2285 Lingonen.
2211 2261 2251 2267 —
2264 2243 2304 2275 In
2317 2251 2348 2275 e.

737 2311 781 2333 m.
804 2301 918 2333 abbati
934 2301 1047 2332 Saecul.
1068 2309 1094 2331 S.
1112 2300 1253 2332 Genesii
1271 2299 1542 2335 Claromonten„
1559 2308 1597 2331 ac
1608 2298 1863 2339 Petragoricen.
1881 2307 1920 2330 ac
1932 2299 1970 2331 B.
1983 2299 2029 2330 M.
2046 2298 2087 2330 de
2103 2298 2259 2335 Cuciaco,
2275 2297 2351 2330 Cla·

737 2357 928 2387 romonten.
951 2355 1011 2389 di.,
1031 2354 1252 2386 ecclesiarum
1269 2353 1479 2385 cantoribus.
1498 2353 1550 2392 (A.
1571 2354 1623 2392 27,
1642 2353 1664 2384 f.
1684 2354 1720 2384 71
1738 2352 1767 2390 1),-
1792 2352 1828 2384 V.
1846 2354 1897 2391 83,
1915 2361 1968 2393 ep.
1993 2353 2098 2391 1215.)

783 2406 918 2438 28090.
936 2426 973 2431 —-
989 2408 1107 2439 Joanm·
1120 2407 1156 2438 de
1170 2407 1314 2438 oratorio
1330 2407 1467 2438 collatio
1483 2415 1602 2438 canon.
1620 2409 1653 2439 et
1667 2406 1769 2447 praeb.
1787 2406 1867 2438 eccl.
1883 2415 1910 2438 s.
1926 2406 2164 2446 Austregisilii
2179 2405 2220 2437 de
2232 2405 2352 2437 castro

736 2463 923 2494 Bituricen.
944 2480 983 2485 —-
1000 2463 1026 2493 1.
1046 2471 1075 2493 e.
1091 2471 1135 2493 m.
1156 2462 1319 2502 Stirpen„
1337 2461 1551 2493 Lemovicen.
1570 2461 1630 2498 di.,
1646 2462 1679 2492 et
1693 2469 1721 2492 S.
1738 2460 1878 2500 Sulpitii
1895 2460 2082 2492 Bituricen.
2098 2461 2244 2491 monast.
2259 2458 2349 2500 abb.,

737 2526 775 2548 ac
792 2517 899 2557 priori
917 2516 1093 2548 saecularis
1110 2516 1191 2547 eccl.
1212 2524 1240 2547 S.
1261 2515 1380 2547 Ursini
1400 2515 1586 2547 Bituricen.
1605 2515 1658 2554 (A.
1673 2516 1726 2551 27,
1743 2515 1766 2545 f.
1786 2515 1846 2546 129
1859 2513 1888 2552 1’;
1911 2513 1944 2545 V.
1962 2515 2015 2552 83,
2031 2523 2083 2554 ep.
2104 2514 2210 2554 1345.)

783 2568 923 2601 28091.
941 2587 980 2592 -
994 2569 1153 2608 Artaudo,
1169 2574 1245 2600 nato
1263 2579 1295 2599 n.
1323 2579 1351 2600 v.
1382 2568 1544 2610 Rodulplzi
1569 2569 1637 2601 dmi
1656 2568 1693 2599 de
1714 2568 1855 2605 Atalens,
1875 2568 2012 2600 collatio
2029 2576 2148 2600 canon.
2170 2567 2234 2599 sub
2251 2575 2350 2608 exsp.

737 2624 840 2664 praeb.
856 2624 938 2655 eccl.
957 2624 1126 2656 Sedunen.
1149 2632 1187 2655 ac
1202 2623 1315 2655 benef.
1334 2623 1425 2663 quod
1451 2622 1595 2654 canonia
1621 2623 1656 2654 in
1681 2623 1753 2654 ead.
1785 2622 1866 2654 eccl.
1885 2623 2113 2662 nuncupatur.
2140 2639 2176 2645 —
2202 2622 2229 2653 I.
2253 2629 2284 2653 e.
2302 2630 2348 2654 m.

738 2678 814 2710 abb.
836 2679 981 2709 monast.
1001 2677 1213 2715 Altaecristae,
1235 2677 1429 2708 Lausanen.
1460 2677 1519 2712 di.,
1543 2678 1576 2708 et
1598 2677 1704 2717 prIori
1729 2685 1756 2707 s.
1775 2676 1875 2708 Marii
1900 2684 1938 2707 ac
1952 2677 2038 2707 cant.
2058 2676 2138 2707 eccl.
2156 2676 2347 2708 Lausanen.

737 2733 789 2772 (A.
810 2733 861 2769 28,
882 2731 904 2762 f.
924 2733 983 2762 283
1000 2731 1030 2767 ιν.
1053 2731 1088 2762 V.
1107 2732 1159 2768 84,
1179 2738 1232 2770 ep.
1250 2732 1357 2770 2843.)

784 2783 922 2815 28092.
942 2803 980 2808 --
1000 2784 1167 2816 Guillermo
1185 2783 1222 2814 de
1238 2783 1415 2822 Castaneto,
1436 2785 1557 2816 rectori
1574 2784 1655 2815 eccl.
1674 2793 1700 2815 S.
1720 2783 1864 2815 Joannis
1880 2791 1983 2823 prope
1998 2792 2026 2815 S.
2038 2783 2214 2822 Serenum,
2231 2783 2348 2826 Catu-r·

739 2848 810 2871 cen.
829 2839 888 2876 di.,
905 2839 1076 2870 indultum
1095 2839 1132 2869 ut
1150 2838 1280 2869 ratione
1302 2838 1438 2878 paroch.
1456 2838 1537 2869 eccl.
1555 2838 1596 2869 de
1619 2838 1788 2874 Blumato,
1809 2837 2052 2869 Carcassonen.
2073 2836 2133 2872 di.,
2151 2837 2192 2868 de
2210 2845 2277 2877 qua
2292 2845 2351 2868 nu-

739 2902 799 2933 per
812 2893 879 2933 ipsi
894 2902 913 2923 a
927 2892 1021 2932 Papa
1038 2892 1199 2931 provisus
1227 2891 1303 2929 fuit,
1321 2900 1387 2922 non
1407 2893 1563 2923 teneatur
1588 2900 1697 2931 usque
1715 2891 1757 2922 ad
1774 2891 1961 2922 triennium
1976 2890 2067 2922 ultra
2085 2890 2350 2922 subdiaconatus

740 2947 812 2979 ord.
829 2955 865 2978 se
883 2946 993 2978 facere
1010 2945 1215 2986 promoveri,
1234 2945 1458 2984 eumdemque
1484 2945 1556 2976 ord.
1583 2954 1602 2975 a
1625 2953 1840 2985 quocumque
1856 2944 2016 2976 maluerit
2034 2953 2111 2984 ep.o
2126 2944 2276 2984 recipere
2292 2953 2350 2975 va-

740 3001 820 3032 leat.
841 3001 892 3037 (A.
907 3001 958 3037 28,
978 2999 1000 3030 f.
1020 3000 1080 3031 384
1096 3004 1124 3035 ι.
1148 2999 1184 3030 V.
1201 3000 1252 3037 84,
1271 3007 1323 3038 ep.
1342 3000 1448 3038 3073.)
