2540 3496
378 319 437 349 146

409 410 513 437 Datum
535 403 719 438 Avenione.

396 511 413 538 7
425 511 481 546 (vn
499 509 551 545 id.)
565 517 627 545 apr.
645 506 733 535 1326.

414 556 464 585 Gr.
487 562 537 590 pro
553 561 618 588 nep.
635 552 712 580 eard.

520 722 555 749 Ut
574 729 597 748 s.

473 767 503 794 T.
520 766 566 799 XI,
580 764 651 792 XIII.

393 935 412 964 8
429 935 471 970 (vx
489 933 540 968 id.)
555 939 618 968 apr.
639 930 727 958 ⁴326.

465 979 495 1006 T.
518 977 564 1012 XI,
584 975 656 1004 xm.

519 1146 556 1173 Ut
576 1153 599 1171 s.

499 1191 529 1217 T.
548 1189 620 1217 XVI.

522 1307 555 1335 Ut
575 1315 599 1334 s.

470 1353 502 1381 T.
518 1352 564 1386 XI,
579 1350 651 1379 XIII.

520 1521 556 1549 Ut
574 1530 597 1548 s.

470 1567 501 1594 Τ.
518 1567 563 1598 XI,
579 1566 651 1594 XIII.

518 1897 555 1924 Ut
575 1905 597 1923 s.

463 1942 494 1968 T.
510 1942 582 1975 XIII,
599 1942 656 1968 XV.

405 2378 423 2404 9
439 2381 468 2413 (v
482 2378 534 2412 id.)
548 2386 610 2413 apr.
629 2379 717 2406 1326.

468 2423 498 2450 T.
514 2423 560 2455 XI,
580 2423 653 2450 XIII.

522 2591 558 2619 Ut
577 2600 599 2619 s.

464 2636 495 2663 T.
514 2636 573 2670 XII,
589 2636 659 2664 XIV.

522 2912 557 2939 Ut
577 2921 600 2939 s.

499 2956 520 2983 T
549 2957 626 2986 1V¹¹.

778 313 951 344 JOANNIS
975 312 1093 343 PAPAE
1115 310 1217 341 XXII.
1241 309 1492 350 (1316-1334).
1514 325 1552 330 —
1576 307 1763 338 LITTERAE
1787 307 2013 357 COMMUNES

852 503 987 535 24831.
1005 522 1043 527 -—
1058 503 1168 534 Eidem
1182 501 1320 534 collatio
1335 509 1455 533 canon.
1468 501 1501 532 et
1514 500 1620 541 praeb.
1634 501 1716 532 eccl.
1730 501 2012 541 compostellan„
2027 511 2099 535 vac.
2115 512 2175 544 per
2188 503 2319 536 obitum
2335 504 2418 537 dicti

805 558 966 599 Stephani
981 556 1145 597 Gaytani3
1162 555 1291 587 consid.
1309 556 1346 586 ut
1361 563 1388 585 s.
1402 572 1440 578 —
1451 554 1477 586 Ι.
1494 563 1523 586 e.
1542 563 1588 586 m.
1602 553 1679 585 abb.
1697 557 1845 586 monast.
1862 564 1890 586 s.
1904 556 2049 588 Joannis
2063 557 2104 589 de
2120 557 2240 596 podio,
2257 566 2295 590 ac
2310 559 2418 599 priori

805 613 838 644 S.
855 612 899 643 M.
923 612 964 642 de
982 611 1055 647 Sar,
1074 608 1342 648 compostellan.
1360 608 1421 647 di.,
1439 616 1477 638 ac
1498 607 1641 639 Nicolao
1659 608 1701 640 de
1727 608 1889 646 Ceccano,
1905 618 1979 641 can.
1995 610 2175 643 Belvacen.
2195 611 2277 643 eccl.
2297 612 2349 651 (A.
2366 614 2417 649 25,

805 666 827 696 f.
845 666 906 696 604
919 664 948 700 ¹³;
971 663 1007 695 V.
1024 664 1075 699 81,
1091 671 1143 702 ep.
1159 661 1267 702 2823.)

850 714 986 746 24832.
1005 734 1043 739 -
1060 716 1154 746 Petro
1173 720 1246 746 nato
1261 725 1292 746 n.
1306 725 1337 746 v.
1355 713 1484 745 Nicolai
1501 714 1614 749 Bronti
1629 715 1665 746 de
1683 715 1774 752 Urbe.
1792 715 1900 748 adhuc
1917 717 1952 748 in
1970 718 2089 749 tenera
2104 719 2203 750 aetate
2219 719 2417 757 constituto,

804 770 937 811 praefati
962 769 1052 801 card.
1070 769 1336 809 consanguineo,
1355 768 1469 800 collat.
1493 777 1612 801 canon.
1633 770 1667 800 et
1681 769 1786 809 praeb.
1803 778 1881 801 cum
1905 771 2151 810 praestimoniis
2171 773 2204 804 et
2228 772 2418 813 praestimo-

804 823 955 855 nialibus
982 821 1198 862 portionibus
1219 822 1254 853 in
1274 821 1355 854 eccl.
1377 822 1517 854 Oveten.
1541 824 1578 854 ut
1598 831 1626 854 s.
1647 831 1719 854 vac.
1737 840 1775 846 —
1790 823 1818 855 1.
1841 832 1871 855 e.
1893 832 1940 855 m.
1960 823 2111 856 thesaur.
2132 824 2330 866 Legionen„
2348 835 2419 858 sco-

804 877 882 908 last.
898 876 1120 913 Mindonien.‚
1137 877 1171 907 et
1185 875 1327 907 Nicolao
1344 876 1554 916 supradicto.
1568 875 1620 917 (A.
1638 877 1692 914 25,
1711 876 1735 907 f.
1753 878 1814 909 605
1831 882 1844 898 ¹
1850 886 1860 914 3
1885 876 1918 908 V.
1936 878 1988 912 81,
2008 886 2062 918 ep.
2079 879 2186 917 2824.)

849 927 987 959 24833.
1001 947 1040 952 -
1054 928 1198 960 Arnaldo
1221 928 1382 969 Mulnerii,
1411 929 1493 961 cler.
1519 929 1706 970 Urgellen.‚
1723 930 1834 971 gratia
1854 939 1951 972 exsp.
1974 930 2088 964 benef.
2105 933 2145 972 (c.
2168 940 2196 964 c.
2211 933 2254 964 80
2269 933 2324 965 vel
2342 941 2370 965 e.
2388 942 2418 965 c.

802 986 842 1015 40
859 984 882 1015 l.
899 985 938 1022 t.)
955 983 990 1014 in
1016 983 1110 1014 civit.
1128 983 1182 1014 vel
1204 983 1248 1014 di.
1270 983 1432 1021 fierden„
1446 983 1570 1023 pertin.
1593 984 1635 1015 ad
1653 983 1768 1016 collat.
1784 985 1854 1025 ep.i
1875 986 1909 1016 et
1925 984 2025 1025 capit.
2043 985 2192 1018 Ilerden.
2211 1004 2250 1010 —
2270 986 2298 1019 1.
2323 995 2352 1019 e.
2371 995 2419 1019 m.

803 1037 930 1069 archid.
953 1046 981 1068 s.
996 1037 1166 1077 Engratiae
1188 1037 1229 1068 de
1249 1037 1522 1077 Caesaraugusta,
1544 1037 1665 1069 Oscen.
1682 1037 1743 1076 di.,
1761 1039 1795 1070 et
1817 1038 1982 1076 sacristae,
2005 1047 2044 1071 ac
2058 1038 2181 1071 Pontio
2196 1039 2238 1072 de
2256 1039 2417 1080 Ripellis,

803 1100 876 1122 can.
893 1091 1040 1122 Ilerden.
1054 1090 1136 1122 eccl.
1154 1090 1206 1129 (A.
1225 1092 1275 1129 24,
1293 1091 1316 1123 f.
1333 1091 1498 1128 655·;V.
1517 1092 1570 1127 80,
1585 1099 1638 1132 ep.
1657 1091 1763 1132 1385.)

849 1141 985 1173 24834.
1005 1162 1043 1167 -
1058 1143 1191 1175 Roberto
1205 1144 1337 1175 Hem-ici
1355 1144 1391 1175 de
1406 1144 1529 1175 Burton
1542 1154 1635 1187 super
1653 1145 1811 1184 Trentam,
1829 1146 1910 1178 cler.
1929 1146 2168 1178 Convenarum
2185 1147 2245 1183 di.,
2261 1156 2328 1179 non
2343 1156 2419 1180 con-

801 1199 920 1239 Jugato
936 1207 997 1229 nec
1015 1198 1050 1229 in
1080 1198 1188 1229 sacris
1216 1198 1288 1229 ord.
1315 1198 1514 1236 constituto,
1531 1207 1625 1230 conc.
1651 1198 1897 1231 tabellionatus
1920 1200 1976 1231 off.
2000 1199 2054 1239 (A.
2073 1201 2124 1239 24,
2142 1200 2342 1239 f.117·;V.
2365 1203 2417 1239 81,

803 1261 856 1292 ep.
875 1253 980 1289 1514.)

849 1302 984 1335 24835.
999 1322 1038 1327 -
1053 1305 1170 1337 Jacobo
1189 1305 1338 1343 Torrerii,
1356 1305 1471 1346 presb.
1490 1305 1737 1338 Barchinonen.
1752 1307 1813 1344 di.,
1828 1307 1938 1347 gratia
1955 1316 2052 1348 exsp.
2066 1307 2178 1340 benef.
2192 1309 2234 1348 (c.
2253 1317 2281 1340 c.
2297 1308 2419 1341 100vel

803 1369 831 1391 s.
851 1369 878 1391 c.
898 1360 938 1391 50
954 1359 976 1390 1.
994 1360 1032 1398 t.)
1050 1359 1085 1390 in
1099 1359 1192 1391 civit.
1209 1359 1263 1390 vel
1280 1359 1327 1391 di.
1346 1359 1543 1394 Dertusen.,
1560 1360 1685 1399 pertin.
1704 1361 1746 1391 ad
1763 1359 1877 1392 collat.
1895 1361 1964 1401 ep.i
1980 1362 2217 1394 Dertusensis.
2232 1379 2271 1385 —
2286 1362 2314 1394 1.
2327 1370 2356 1395 e.
2371 1371 2416 1395 m.

802 1422 906 1453 praep.
927 1413 1168 1448 Terraconen..
1193 1414 1227 1444 et
1246 1412 1397 1443 thesaur.
1414 1413 1612 1451 Dertusen„
1627 1422 1666 1445 ac
1689 1414 1792 1445 Petro
1809 1414 1850 1445 de
1863 1414 2025 1451 Abbatia,
2048 1424 2122 1447 can.
2142 1415 2315 1448 Valentin.
2335 1415 2417 1448 eccl.

802 1467 858 1510 (Α.
880 1468 933 1503 24,
954 1467 976 1497 f.
997 1468 1057 1498 '129
1073 1466 1103 1502 ¹³3
1124 1465 1158 1497 V.
1172 1467 1224 1503 81,
1239 1475 1293 1506 ep.
1310 1465 1418 1507 1558.)

848 1518 986 1549 24836.
1004 1539 1041 1543 -
1068 1519 1231 1551 Guillelmo
1249 1519 1339 1557 Sala,
1364 1520 1444 1551 cler.
1471 1520 1720 1552 Barchinonen
1738 1521 1798 1559 di.,
1813 1522 1924 1562 gratia
1945 1530 2041 1562 exsp.
2064 1522 2177 1555 benef.
2203 1523 2245 1564 (c.
2263 1532 2292 1555 c.
2309 1525 2348 1556 70
2365 1523 2419 1556 vel

804 1584 831 1605 s
849 1584 878 1606 0.
898 1576 937 1605 40
952 1575 976 1605 l.
993 1573 1034 1614 t.)
1050 1575 1083 1605 in
1100 1574 1192 1605 civit
1215 1574 1271 1605 vel
1288 1574 1335 1605 di.
1350 1573 1612 1612 Barchinonen„
1631 1575 1758 1615 pertin.
1782 1575 1824 1607 ad
1839 1575 1953 1608 collat.
1969 1584 2022 1616 ep
2027 1575 2038 1607 i
2061 1577 2094 1608 et
2113 1577 2215 1617 capit.
2234 1577 2419 1610 Barchino-

803 1637 878 1660 nen.
888 1638 897 1664 3
918 1637 983 1659 non
1000 1627 1087 1659 obst.
1105 1628 1221 1668 quod
1213 1637 1248 1658 in
1265 1627 1413 1667 quodam
1428 1628 1530 1659 altari
1546 1628 1613 1659 sito
1629 1628 1664 1659 in
1680 1628 1825 1660 ecclesia
1840 1629 1976 1669 paroch.
1996 1638 2024 1661 s.
2041 1630 2217 1662 Saturnini
2233 1631 2274 1663 de
2288 1631 2420 1663 Monte-

802 1682 970 1717 cornesio,
1004 1681 1251 1713 Barchinonen.
1283 1682 1343 1716 di.,
1362 1683 1416 1722 (10
1444 1682 1468 1713 1.
1484 1682 1537 1722 t.),
1565 1682 1606 1714 de
1624 1682 1748 1723 quibus
1773 1691 1842 1714 non
1868 1684 1992 1723 potest,
2023 1684 2113 1715 sicut
2143 1684 2237 1722 dicit,
2256 1685 2326 1717 nisi
2341 1694 2420 1717 cum

802 1736 955 1767 maxima
970 1737 1169 1775 paupertate
1190 1735 1317 1773 vivere,
1335 1735 1518 1768 deserviat.
1534 1754 1572 1760 —
1586 1736 1612 1767 Ι.
1630 1745 1660 1767 e.
1676 1745 1722 1767 m.
1739 1736 1816 1768 abb.
1833 1739 1980 1770 monast.
1995 1746 2023 1768 s.
2041 1737 2249 1779 Cucuphatis
2268 1739 2417 1779 Vallen„

803 1790 1049 1821 Barchinonen.
1074 1789 1134 1825 di.,
1151 1791 1184 1820 et
1201 1789 1309 1829 priori
1336 1798 1364 1820 s.
1380 1789 1480 1821 Pauli
1503 1790 1544 1821 de
1560 1790 1688 1830 Campo
1712 1792 1811 1822 extra
1839 1799 1957 1822 muros
1981 1782 2246 1832 Barchinonen„
2264 1802 2301 1824 ac
2317 1792 2419 1825 Petro

803 1844 844 1875 de
860 1843 1017 1878 Abbatia,
1035 1852 1108 1874 can.
1129 1843 1320 1874 Valentinae
1338 1844 1419 1875 eccl.
1440 1844 1492 1882 (A.
1512 1844 1565 1881 25,
1583 1844 1606 1875 f.
1624 1845 1663 1875 57
1680 1849 1708 1880 ³3
1731 1844 1764 1875 V.
1783 1845 1834 1882 81,
1853 1836 1906 1884 ep.
1925 1846 2031 1882 1605.)

849 1894 984 1927 24837.
1001 1915 1040 1920 -
1057 1896 1231 1927 Raimundo
1248 1896 1387 1928 Porcelli
1402 1897 1512 1937 gratia
1527 1906 1624 1937 exsp.
1645 1898 1887 1937 praepositurae,
1903 1900 2066 1930 mensatae
2081 1899 2269 1940 vulgariter
2287 1909 2418 1933 nuncu-

803 1953 900 1990 patae,
919 1960 994 1990 quae
1009 1960 1068 1982 nec
1086 1951 1191 1991 dign..
1212 1960 1272 1981 nec
1288 1952 1507 1991 personatus,
1528 1951 1587 1982 sed
1606 1951 1756 1991 simplex
1772 1951 1883 1983 benef.
1901 1952 2032 1990 existit,
2047 1961 2086 1984 ac
2101 1953 2242 1994 hospitii
2257 1955 2290 1985 et
2305 1954 2418 1995 capel-

803 2005 972 2035 laniarum
985 2005 1138 2035 omnium
1151 2005 1303 2036 cedentis
1316 2004 1371 2036 vel
1381 2005 1576 2036 decedentis
1586 2005 1740 2036 canonici
1753 2005 1789 2036 in
1800 2005 1945 2037 ecclesia
1953 2006 2223 2038 Barchinonensi
2230 2017 2240 2043 3
2251 2016 2319 2039 non
2329 2007 2416 2040 obst.

803 2058 838 2089 in
854 2058 972 2089 eadem
989 2067 1106 2089 canon.
1123 2058 1186 2089 sub
1203 2067 1298 2098 exsp.
1322 2057 1440 2098 praeb.,
1459 2059 1491 2090 et
1507 2058 1617 2098 gratia
1636 2067 1732 2099 exsp.
1753 2058 1865 2090 benef.
1884 2068 1912 2090 0.
1928 2068 1956 2090 0.
1971 2060 2026 2091 vel
2040 2069 2068 2091 s.
2089 2069 2116 2092 0.
2135 2060 2171 2091 in
2186 2060 2280 2093 civit.
2299 2060 2354 2093 vel
2371 2062 2417 2093 di.

803 2112 1063 2149 Barchinonen.,
1078 2112 1202 2151 pertin.
1222 2112 1264 2142 ad
1282 2111 1395 2143 collat.
1411 2111 1480 2151 ep.i
1492 2111 1792 2150 Barchinonensis‚
1810 2112 1991 2144 medietate
2009 2113 2096 2145 lucri
2119 2114 2419 2146 seu-emolumenti

804 2165 984 2197 scribaniae
997 2165 1202 2196 officialatus
1219 2166 1353 2202 Oscen,
1367 2167 1400 2196 et
1417 2165 1565 2205 quadam
1582 2175 1694 2197 annua
1710 2166 1873 2206 pensione
1887 2168 1926 2198 25
1943 2166 2003 2197 lib.
2019 2167 2149 2208 jaccen.
2164 2167 2205 2199 de
2217 2176 2336 2200 mensa
2351 2169 2420 2209 ep.i

804 2219 938 2254 Oscen„
955 2219 1021 2258 ipsi
1044 2219 1077 2249 in
1098 2219 1208 2250 benef.
1234 2219 1420 2259 assignata.
1434 2238 1472 2242 —
1488 2219 1515 2250 I.
1540 2228 1569 2251 e.
1592 2229 1637 2250 m.
1658 2219 1734 2251 abb.
1751 2222 1897 2251 monast.
1920 2229 1947 2251 s.
1969 2221 2148 2252 Laurentii
2174 2221 2215 2253 de
2239 2222 2365 2260 Monte,
2386 2223 2419 2254 et

803 2273 909 2312 priori
937 2282 963 2303 s.
982 2273 1084 2304 Pauli
1109 2273 1149 2304 de
1175 2274 1314 2313 Campo,
1334 2273 1581 2305 Barchinonen.
1607 2274 1666 2311 di.,
1682 2283 1719 2305 ac
1742 2274 1869 2305 archid.
1888 2274 2055 2315 Urgelleti
2081 2275 2114 2306 in
2141 2276 2221 2307 eccl.
2242 2275 2416 2316 Urgellen.

804 2326 855 2367 (A.
873 2328 925 2364 25,
943 2326 965 2357 f.
987 2328 1045 2357 182
1061 2332 1089 2363 ³3
1116 2327 1151 2358 V.
1173 2328 1224 2365 81,
1242 2336 1295 2366 ep.
1314 2329 1419 2366 1923.)

850 2377 985 2409 24838.
1005 2399 1042 2402 -
1064 2380 1226 2411 Guillelmo
1241 2380 1278 2412 de
1289 2380 1474 2418 Modurono,
1493 2380 1606 2420 presb.
1625 2382 1802 2412 Caturcen.
1816 2381 1876 2418 di.,
1892 2381 2003 2421 gratia
2018 2390 2115 2421 exsp.
2131 2381 2242 2414 benef.
2261 2383 2302 2422 (c.
2312 2391 2341 2414 c.
2361 2384 2420 2415 100

804 2434 857 2464 vel
874 2443 900 2464 s.
918 2443 946 2465 c.
965 2436 1004 2466 50
1023 2434 1045 2465 1.
1064 2434 1104 2474 t.)
1121 2435 1155 2465 in
1175 2434 1268 2466 civit.
1284 2434 1339 2466 vel
1357 2434 1402 2467 di.
1420 2434 1586 2471 Electen.,
1602 2434 1727 2474 pertin.
1744 2435 1785 2465 ad
1801 2434 1915 2466 collat.
1933 2435 2002 2475 ep.i
2017 2435 2307 2468 Electensis.-I.
2324 2445 2353 2468 e.
2371 2445 2416 2468 m.

805 2487 931 2519 archid.
958 2488 1130 2528 Figiacen.
1150 2489 1349 2524 Caturcen..
1360 2490 1393 2519 et
1409 2488 1559 2519 Arnaldo
1576 2489 1617 2519 de
1641 2488 1796 2527 Petrina,
1813 2489 1998 2525 Turonen„
2015 2497 2052 2520 ac
2067 2489 2254 2522 Guillelmo
2276 2490 2318 2522 de
2332 2490 2418 2523 Con-

805 2543 913 2578 coutz,
930 2542 1062 2581 Aquen.
1082 2551 1154 2573 can.
1171 2542 1251 2573 eccl.
1266 2542 1320 2582 (A.
1336 2543 1387 2578 24,
1409 2542 1432 2573 f.
1448 2543 1507 2573 565
1524 2547 1551 2579 ³3
1573 2541 1608 2573 V.
1626 2543 1677 2580 80,
1691 2550 1743 2581 ep.
1763 2539 1869 2582 1103'.)

851 2591 986 2623 24839.
1007 2613 1046 2618 —
1064 2595 1201 2627 Guidoni
1216 2606 1285 2637 ep.o
1306 2596 1505 2636 Majoricensi
1519 2596 1690 2628 indultum
1708 2597 1745 2627 ut
1761 2596 1853 2635 apud
1869 2596 1902 2627 S.
1919 2596 1959 2627 A.
1979 2605 2111 2628 moram
2125 2596 2277 2635 trahens,
2295 2597 2350 2629 vel
2365 2598 2421 2629 Ja-

806 2647 880 2678 cobi
898 2649 988 2688 regis
1015 2649 1254 2689 Maj0ricarum
1273 2650 1428 2681 consiliis
1453 2649 1632 2686 assistens,
1649 2649 1704 2681 vel
1729 2658 1771 2681 ex
1788 2649 1868 2680 aliis
1886 2649 2001 2680 causis
2023 2651 2120 2681 extra
2137 2659 2235 2682 suam
2255 2650 2301 2682 di.
2322 2652 2355 2682 et
2370 2651 2419 2682 in-

807 2701 918 2732 sulam
936 2703 1100 2741 existens,
1118 2703 1248 2734 fructus
1266 2704 1411 2735 duarum
1429 2703 1532 2743 praeb.
1553 2712 1639 2743 quas
1654 2712 1696 2734 ex
1714 2704 1842 2734 statuto
1859 2703 1940 2735 eccl.
1957 2703 2204 2744 Majoricensis,
2221 2705 2322 2744 prout
2335 2713 2419 2745 prae-

807 2755 1004 2787 decessores
1022 2757 1077 2787 sui
1103 2756 1334 2794 obtinuerunt,
1353 2758 1389 2788 in
1411 2757 1485 2788 ead.
1512 2757 1592 2788 eccl.
1618 2756 1760 2795 obtinet,
1781 2757 1911 2797 integre
1933 2757 2111 2797 percipiat.
2129 2776 2167 2781 -
2183 2758 2209 2789 I.
2230 2766 2259 2789 e.
2277 2767 2323 2789 m.
2341 2766 2419 2798 ep.o

805 2808 939 2846 Elnen.,
964 2812 996 2840 et
1019 2809 1095 2840 abb.
1114 2812 1259 2842 monast.
1278 2812 1317 2843 B.
1335 2812 1381 2843 M.
1403 2811 1443 2842 de
1464 2811 1597 2850 Regali,
1622 2811 1818 2851 Majoricen.
1844 2811 1905 2848 di.,
1924 2820 1962 2842 ac
1984 2811 2086 2843 Petro
2105 2811 2146 2843 de
2171 2811 2329 2848 Abbatia,
2343 2820 2417 2843 can.

806 2862 977 2894 Valentio.
998 2863 1051 2903 (A.
1070 2865 1119 2898 24,
1136 2864 1162 2895 f.
1179 2866 1238 2895 589
1257 2865 1287 2902 Ι>;
1310 2865 1346 2896 V.
1363 2866 1415 2902 80,
1430 2874 1482 2904 ep.
1501 2864 1607 2904 1193.)
2117 2856 2119 2858 ’

851 2912 990 2945 24840.
1012 2934 1049 2939 --
1070 2917 1167 2947 Guido
1193 2927 1284 2949 mon.
1303 2922 1335 2949 et
1358 2918 1509 2950 thesaur.
1530 2919 1676 2950 monast.
1699 2927 1726 2949 s.
1742 2918 1903 2959 Dionysii
1924 2918 1959 2949 in
1975 2918 2132 2954 Francia,
2149 2919 2192 2950 ad
2207 2919 2248 2951 R.
2263 2919 2302 2950 E.
2322 2919 2418 2951 nullo

806 2969 918 3000 medio
937 2970 1072 3008 pertin,
1091 2971 1129 3002 O.
1145 2971 1178 3002 S.
1196 2972 1247 3006 B..
1265 2972 1433 3003 Parisien.
1453 2972 1512 3008 di.,
1531 2973 1565 3003 in
1580 2972 1737 3003 abbatem
1754 2972 1908 3012 ejusdem
1925 2973 2071 3004 monast.
2087 2973 2165 3012 post
2180 2972 2311 3004 obitum
2325 2972 2418 3012 AEgi·
