2540 3496
331 351 392 382 338

370 438 471 465 Datum
491 432 671 466 Avenione.

370 699 406 727 15*
421 699 483 732 (id.)
502 700 552 724 oct.
573 697 661 725 1326.

442 743 471 769 T.
491 741 585 768 xvui.

465 1501 500 1528 Ut
521 1509 545 1528 s.

426 1546 456 1572 T.
475 1546 508 1580 x,
526 1547 583 1573 xii.

464 1716 500 1744 Ut
519 1725 542 1743 s.

414 1761 444 1788 T.
462 1762 507 1792 xl,
524 1761 594 1788 XIII.

467 1931 502 1958 Ut
518 1940 540 1958 s.

432 1976 462 2002 T.
483 1975 576 2002 XXIV.

463 2092 498 2119 Ut
519 2101 542 2118 s.

461 2360 496 2388 Ut
519 2369 541 2387 s.

440 2405 470 2431 T.
492 2405 562 2432 xvl.

464 2468 498 2495 Ut
516 2477 538 2495 s.

424 2512 502 2545 T.x,
519 2513 576 2539 xii.

463 2629 496 2656 Ut
518 2638 540 2656 s.

402 2672 432 2700 T.
454 2674 512 2707 xli,
534 2674 602 2702 xlv.

462 2951 496 2977 Ut
515 2959 538 2978 s.

439 2995 469 3020 T.
489 2995 558 3022 xvi.

2115 0 2124 6 w
2135 0 2142 5 π
2150 0 2263 16 -Ὓπτν-’.τπ

726 346 897 378 JOANNIS
921 345 1039 375 ΡΑΙἈι1
1061 345 1163 375 XXII.
1187 343 1435 383 (1316-1334).
1458 362 1497 367 —
1520 344 1706 375 LITTERAE
1729 345 1954 378 COMMUNES

758 536 817 571 vit,
835 523 894 574 pro
910 534 984 564 ead.
1003 534 1164 564 societate
1181 534 1214 564 et
1235 533 1338 564 etiam
1362 533 1434 564 illis
1457 534 1515 574 qui
1539 534 1589 566 eis
1608 535 1777 567 auxilium
1793 536 2010 576 praehuerint,
2028 539 2126 578 petit.
2144 539 2361 581 Quapropter

757 589 848 627 Papa
862 587 998 617 mandat
1015 586 1197 626 archiep.o,
1216 586 1343 617 archid.
1359 587 1392 617 et
1407 587 1536 618 cantori
1552 588 1724 628 praedictis
1741 591 1778 621 ut
1794 589 1836 621 de
1851 590 2041 630 praemissis
2058 599 2094 623 se
2111 591 2306 631 informent,
2327 595 2361 626 et

757 639 921 680 quidquid
937 639 1128 670 invenerint
1144 639 1210 678 ipsi
1226 639 1386 670 referant.
1403 640 1457 678 (A.
1469 642 1522 676 26,
1540 641 1563 671 f.
1582 642 1640 673 136
1658 641 1688 680 ὓς
1711 641 1745 672 V.
1761 644 1812 679 82,
1830 652 1882 683 ep.
1899 645 1966 683 90.)

799 690 936 722 26730.
960 710 997 716 —-
1013 693 1132 723 Joanni
1155 692 1192 723 de
1207 692 1453 736 Serena-priori
1470 694 1506 725 F.
1525 693 1560 724 0.
1579 694 1618 726 Ρ.
1633 695 1671 726 de
1689 695 1828 737 Fiqiaco,
1844 701 1873 727 et
1890 707 1971 739 may.
1989 697 2152 730 Bernardo
2166 698 2203 730 de
2221 698 2358 738 Ortulin,

755 747 867 777 rec-tori
883 746 955 776 eccl.
980 747 1019 777 B.
1039 746 1082 777 M.
1099 746 1137 776 de
1159 746 1341 785 Νουαίίύαε,
1364 746 1528 778 Caturcen.
1551 753 1580 779 et
1596 748 1736 781 Electen.
1757 749 1815 788 di.‚
1833 751 1867 781 in
1885 750 2006 782 Sweliae
2027 757 2055 783 et
2072 752 2231 794 Norveyiae
2251 754 2361 795 reqnis

754 801 794 832 A.
811 800 845 831 S.
866 800 997 838 nuntiis,
1017 800 1130 832 mand.
1154 801 1191 831 ut
1210 809 1246 832 se
1269 800 1455 833 informent
1472 804 1504 833 et
1519 802 1668 835 referant
1685 803 1726 835 de
1742 804 1906 843 petitione
1923 814 1943 836 a
1956 805 2099 844 Joanne,
2122 806 2250 838 archid.
2275 807 2358 839 eccl.

754 854 950 893 Lincopen.,
969 862 1030 893 pro
1045 855 1140 893 parte
1157 853 1269 885 Caroli
1286 853 1354 894 ep.i
1368 857 1401 886 et
1413 855 1495 886 cleri
1509 856 1554 887 di.
1575 857 1758 897 Lincopen.
1775 858 1938 897 exhibita,
1955 859 2087 891 scilicet
2100 861 2189 901 quod
2200 860 2358 892 dioecesis

754 908 838 947 ipsa,
853 908 886 938 in
902 915 1004 947 regno
1024 907 1156 939 Swetiae
1178 908 1383 943 consistens.
1406 908 1489 940 adeo
1508 909 1631 941 diffusa
1647 911 1699 942 est
1715 912 1747 942 et
1766 911 1928 944 distincta
1943 913 2050 944 maris
2066 913 2204 952 insulis,
2225 914 2357 955 stagnis

755 961 871 991 multis
895 962 927 991 et
948 961 1092 1001 magnis
1117 961 1202 992 locis
1228 961 1418 1001 paludosis,
1435 963 1594 995 vastitate
1616 972 1793 996 nemorum
1813 966 1847 997 et
1869 965 2069 998 difficultate
2091 967 2237 1005 viarum,
2258 969 2296 1000 ut
2316 968 2358 999 ad

751 1014 903 1053 quaedam
918 1014 992 1045 loca
1009 1023 1166 1046 accessus
1183 1023 1248 1046 non
1267 1016 1358 1055 patet
1374 1016 1443 1046 nisi
1461 1016 1665 1056 quibusdam
1681 1018 1760 1049 anni
1777 1019 2000 1059 temporibus,
2019 1021 2158 1061 propter
2175 1021 2267 1061 quod
2284 1029 2358 1053 non

751 1069 862 1107 potest
877 1077 938 1107 per
953 1077 1068 1107 epum
1082 1068 1266 1108 Lincopen.
1285 1069 1320 1100 in
1336 1078 1483 1109 persona
1496 1070 1634 1111 propria
1649 1071 1795 1110 visitari,
1809 1074 1841 1104 et
1856 1081 1933 1104 cum
1950 1073 2054 1105 etiam
2069 1074 2223 1106 redditus
2238 1074 2356 1106 benef.

751 1124 868 1153 tenues
892 1123 925 1153 et
949 1124 1097 1153 rectores
1121 1122 1202 1154 eccl.
1229 1131 1398 1162 pauperes
1429 1124 1508 1161 sint,
1536 1125 1794 1164 procurationes
1818 1126 1907 1158 solvi
1934 1128 2106 1167 nequeunt
2129 1127 2355 1168 episcopales.

750 1175 860 1212 Quare
878 1176 912 1206 in
930 1175 1019 1207 dicta
1030 1176 1165 1207 dioecesi
1181 1176 1267 1207 alias
1282 1177 1457 1208 inductum
1474 1177 1584 1210 fuerat
1599 1179 1640 1210 de
1658 1180 1903 1212 consuetudine
1918 1181 2009 1220 quod
2027 1189 2126 1221 ep.us
2144 1181 2185 1213 de
2203 1191 2227 1212 η
2245 1181 2301 1214 vel
2319 1192 2356 1214 ιιι

749 1229 920 1268 parochiis
937 1229 979 1260 ad
996 1238 1097 1260 unam
1115 1229 1261 1261 vicinam
1277 1230 1374 1268 eccl.,
1391 1231 1516 1271 populo
1542 1234 1736 1271 convocato,
1760 1233 1796 1264 in
1819 1242 1859 1265 ea
1881 1234 2044 1274 expensis
2061 1235 2212 1276 propriis
2231 1235 2357 1267 visita-

748 1283 853 1314 tionis
867 1283 921 1314 off.
934 1283 1124 1321 exercebat,
1144 1284 1326 1323 quamdam
1341 1285 1652 1318 moderatissimam
1669 1287 1882 1327 pensionem,
1901 1287 2166 1320 cathedraticum
2180 1297 2358 1330 nuncupa-

748 1338 830 1377 tam,
848 1337 1051 1377 percipiens.
1073 1337 1158 1368 Cum
1175 1339 1287 1369 autem
1304 1337 1336 1369 b.
1356 1347 1421 1370 me.
1438 1339 1645 1371 Laurentius
1662 1349 1760 1380 ep.us
1777 1341 1960 1382 Lincopen.
1977 1350 2020 1374 ex
2031 1341 2094 1373 hac
2110 1343 2356 1376 consuetudine

749 1391 961 1429 recessisset,
979 1391 1140 1431 praefatus
1156 1391 1299 1423 Carolus
1316 1401 1418 1433 ep.us
1432 1392 1518 1424 hanc
1535 1394 1816 1426 consuetudinem
1830 1403 1966 1427 servare
1982 1395 2022 1427 de
2037 1395 2071 1428 S.
2090 1396 2132 1427 A.
2145 1396 2284 1428 licentia
2298 1405 2356 1438 pe-

748 1445 802 1477 tit.
819 1445 870 1484 (A.
888 1447 938 1482 26,
954 1444 977 1475 f.
999 1446 1057 1476 138
1071 1445 1100 1483 b;
1126 1445 1162 1477 V.
1179 1446 1235 1483 82,
1253 1455 1305 1486 ep.
1321 1448 1386 1486 91.)

795 1496 932 1528 26731.
953 1517 991 1521 -
1012 1500 1099 1540 May.
1116 1499 1292 1530 Bertrando
1308 1499 1459 1540 Rotunda,
1474 1510 1547 1533 can.
1567 1503 1600 1533 et
1618 1501 1762 1542 archipr.
1781 1502 1863 1534 eccl.
1875 1503 2104 1541 vivariensis,
2121 1512 2216 1543 prov.
2233 1512 2342 1536 canon

750 1552 814 1584 sub
834 1562 930 1593 exsp.
950 1553 1052 1593 praeb.
1078 1553 1158 1584 eccl.
1184 1553 1409 1586 Mimatensis.
1437 1572 1475 1577 —
1496 1555 1525 1587 Ι.
1551 1564 1579 1586 e.
1603 1564 1649 1586 m.
1671 1555 1840 1596 Stephano
1863 1556 1903 1588 de
1926 1556 2117 1595 Vidilhaco,
2138 1557 2354 1590 Aureliacen.

749 1607 1013 1643 Claromcnten.,
1031 1607 1130 1646 Papae
1153 1616 1238 1647 cap„
1258 1609 1290 1638 et
1313 1608 1590 1648 carpentoraten.
1620 1609 1794 1647 archidjs,
1817 1619 1855 1641 ac
1872 1610 2024 1642 sacristae
2047 1610 2223 1643 Vivarien.
2252 1611 2356 1644 eccle-

750 1660 889 1692 siarum.
907 1660 962 1701 (A.
980 1662 1030 1698 26,
1046 1661 1068 1691 f.
1089 1662 1147 1692 145
1161 1665 1188 1697 ⁵3
1215 1660 1248 1691 V.
1267 1662 1319 1699 82,
1340 1670 1392 1701 ep.
1413 1663 1498 1701 105.)

793 1712 934 1744 26732.
951 1733 989 1737 —-
1006 1714 1127 1744 Thomae
1142 1713 1179 1745 de
1195 1714 1355 1756 Synereyo
1372 1715 1509 1747 collatio
1523 1725 1641 1747 canon.
1658 1717 1691 1747 et
1704 1716 1806 1756 praeb.
1823 1717 1904 1748 eccl.
1921 1717 2096 1753 Metensis,
2113 1727 2186 1749 vac.
2200 1727 2261 1759 per
2272 1718 2355 1751 resi-

748 1770 838 1808 gnat.
858 1768 1002 1800 Renaldi
1021 1768 1061 1799 de
1081 1769 1197 1799 Lando
1215 1769 1255 1800 de
1271 1769 1446 1800 Placentia
1469 1770 1557 1809 apud
1581 1770 1615 1802 S.
1632 1770 1673 1801 A.
1693 1772 1812 1810 sponte
1830 1770 1966 1802 factam.
1983 1788 2022 1793 -
2039 1772 2066 1803 Ι,
2084 1779 2114 1803 e.
2133 1780 2178 1803 m.
2197 1772 2355 1804 Gorzien.

748 1825 779 1853 et
803 1822 1036 1858 JustimoniiS,
1061 1823 1184 1853 Meten.
1213 1822 1272 1858 di.‚
1299 1825 1445 1854 monast.
1466 1823 1659 1861 abbatibuS,
1678 1833 1716 1855 ac
1744 1824 1881 1856 scolast.
1902 1825 1982 1856 eccl.
2009 1818 2196 1857 Tullensis.
2223 1825 2276 1865 (A.
2298 1827 2352 1863 26,

748 1876 771 1907 f.
790 1877 828 1907 78
845 1876 874 1912 ¹³;
897 1876 933 1907 V.
955 1877 1007 1914 82,
1024 1884 1076 1915 ep.
1094 1877 1177 1915 120.)

792 1927 926 1958 26733.
945 1948 982 1953 -
994 1929 1112 1960 Joanni
1124 1940 1147 1960 s.
1163 1929 1316 1960 Theodori
1330 1930 1412 1961 diac.
1428 1930 1526 1969 card„
1541 1932 1582 1962 A.
1595 1931 1631 1962 S.
1649 1931 1763 1972 leqato,
1784 1931 1929 1963 facultas
1946 1932 2134 1973 recipiendi
2153 1942 2172 1964 a
2185 1933 2354 1970 Gnidone,

747 1985 825 2015 nato
844 1993 876 2014 n.
895 1993 926 2015 v.
949 1983 1083 2015 Nicolai
1106 1984 1146 2015 de
1166 1984 1406 2022 Francesibus,
1425 1985 1586 2025 resignat.
1606 1985 1840 2025 praepositurae
1859 1985 1972 2026 plebis
1996 1986 2036 2017 B.
2054 1986 2099 2018 M.
2121 1987 2162 2018 de
2185 1986 2354 2019 Podiobo-

746 2038 827 2074 nizi,
849 2037 1035 2069 Florentin.
1054 2037 1113 2076 di.‚
1131 2039 1164 2069 et
1179 2047 1252 2069 eam
1267 2047 1356 2078 pers.
1373 2038 1503 2070 idoneae
1525 2039 1732 2070 conferendi.
1751 2039 1806 2080 (A.
1821 2041 1874 2077 26,
1891 2039 1915 2070 f.
1932 2040 1970 2071 81
1990 2044 2021 2077 *ς
2045 2039 2082 2071 V.
2100 2041 2152 2079 82,
2171 2049 2224 2081 ep.
2246 2042 2330 2085 136.)Ι

790 2088 927 2122 26734.
945 2109 984 2114 -
1000 2091 1178 2122 Raimundo
1197 2092 1279 2130 Boti,
1305 2093 1429 2124 rectori
1454 2093 1580 2124 ruralis
1599 2093 1681 2124 eccl.
1703 2102 1731 2124 s.
1757 2093 1934 2128 Antonini,
1958 2093 2080 2133 Apten.
2099 2094 2159 2133 di.‚
2179 2103 2275 2135 prov.
2300 2104 2353 2127 ca-

745 2154 824 2177 non.
844 2145 923 2177 eccl.
954 2146 1118 2185 Aptensis
1144 2146 1207 2177 sub
1234 2155 1330 2186 exsp.
1350 2146 1466 2186 praeb.,
1484 2147 1575 2187 dign.
1595 2147 1649 2178 vel
1669 2149 1883 2187 personatus,
1913 2155 1974 2178 seu
2001 2147 2056 2179 off.
2078 2148 2136 2179 aut
2157 2148 2352 2182 administr.

745 2208 772 2230 c.
800 2208 827 2230 c.
847 2199 900 2230 vel
926 2208 951 2229 s.
974 2208 1022 2237 c.;
1041 2208 1118 2231 cum
1141 2199 1347 2240 obligatione
1372 2200 1567 2232 dimittendi
1590 2200 1788 2232 clericatum
1810 2202 1842 2232 et
1861 2200 1963 2240 praeb.
1981 2200 2173 2232 clericalem
2198 2202 2353 2242 ejusdem

745 2253 824 2284 eccl.
843 2253 1019 2292 Aptensis.
1048 2271 1088 2275 —
1112 2253 1141 2285 Ι.
1164 2262 1193 2284 e.
1221 2262 1266 2284 m.
1289 2253 1416 2285 archid.
1439 2253 1658 2292 Cavallicen.,
1679 2255 1712 2285 et
1737 2253 1926 2286 Guillelmo
1947 2254 2090 2285 Bastida
2117 2263 2156 2286 ac
2179 2254 2352 2295 Stephano

746 2306 923 2343 Planterii,
940 2315 1012 2337 can.
1033 2306 1247 2339 Ebredunen.
1268 2307 1348 2338 eccl.
1370 2306 1423 2346 (A.
1437 2308 1489 2346 26,
1508 2307 1530 2338 f.
1548 2309 1606 2339 152
1619 2313 1648 2345 a;
1671 2307 1703 2338 V.
1721 2308 1775 2345 82,
1794 2316 1846 2346 ep.
1863 2308 1947 2346 138.)

788 2357 926 2389 26735.
946 2377 982 2381 -
1001 2359 1175 2390 Raimundo
1191 2370 1261 2401 ep.0
1281 2361 1416 2402 Aplensi
1432 2361 1571 2392 licentia
1587 2361 1747 2392 testandi.
1760 2360 1812 2400 (A.
1828 2361 1879 2398 26,
1903 2360 1926 2391 f.
1947 2361 2006 2391 152
2020 2360 2050 2397 '³3
2073 2361 2106 2392 V.
2123 2362 2175 2399 82,
2193 2370 2246 2402 ep.
2265 2363 2351 2402 ¹39.)

789 2463 924 2496 26736.
941 2484 980 2488 -
995 2466 1115 2497 Joanm‘
1128 2460 1165 2497 de
1180 2466 1338 2496 Aramone
1353 2476 1448 2507 prov.
1470 2475 1589 2498 canon.
1614 2466 1678 2498 sub
1694 2475 1790 2507 exsp.
1807 2466 1911 2506 praeb.
1930 2467 2012 2499 eccl.
2037 2476 2066 2498 s.
2091 2468 2242 2508 Agricoli
2264 2469 2351 2501 Ave-

745 2520 933 2551 nionensis.
949 2537 988 2542 —
1006 2520 1033 2551 1.
1054 2529 1082 2551 e.
1101 2529 1146 2551 m.
1171 2521 1309 2557 decano,
1329 2521 1481 2552 sacristae
1496 2521 1529 2552 et
1553 2520 1739 2552 Guillelmo
1757 2521 1874 2558 Lante,
1891 2530 1963 2553 can.
1982 2521 2064 2552 eccl.
2085 2521 2348 2555 Avenionensis.

742 2573 797 2613 (A.
815 2575 866 2610 26,
885 2573 984 2605 f.103
1002 2579 1029 2611 ις
1053 2573 1089 2604 V.
1106 2575 1156 2610 82,
1173 2576 1225 2614 ep.
1247 2573 1332 2614 189.)

789 2624 924 2656 26737.
944 2645 980 2650 —
996 2628 1112 2665 Fam-o,
1131 2632 1204 2658 nato
1221 2627 1391 2658 Raimundi
1411 2627 1447 2658 de
1461 2627 1697 2669 Lapeiraireda,
1715 2638 1796 2668 may.
1816 2627 1960 2658 hostiarii
1980 2632 2009 2658 et
2024 2627 2126 2668 famil.
2144 2627 2257 2670 Papae,
2273 2637 2351 2661 can-

743 2681 809 2712 tori
825 2681 904 2711 eccl.
922 2680 1154 2721 Legionensis‚
1178 2681 1301 2712 induit.
1317 2681 1529 2721 percipiendi
1556 2681 1687 2712 fructus
1707 2682 1861 2713 omnium
1885 2681 1998 2714 benef.
2025 2690 2168 2714 suorum
2185 2682 2227 2713 ad
2243 2682 2349 2714 trien-

743 2734 838 2766 nium
855 2734 1046 2766 insistendo
1071 2735 1263 2766 scolasticis
1287 2735 1481 2775 disciplinis
1499 2735 1535 2766 in
1560 2735 1634 2767 loco
1653 2735 1712 2766 ubi
1739 2736 1891 2767 studium
1908 2735 2019 2775 vigeat
2043 2735 2215 2775 generale,
2236 2735 2291 2767 vel
2312 2735 2348 2767 in

743 2788 857 2828 aliquo
872 2787 983 2819 benef.
1004 2797 1144 2820 suorum
1160 2790 1218 2820 aut
1237 2789 1327 2829 apud
1341 2789 1375 2821 S.
1393 2790 1434 2820 A.
1453 2789 1646 2820 residendo.
1673 2807 1712 2812 —
1727 2789 1754 2820 Ι.
1777 2798 1806 2820 e.
1835 2797 1881 2820 m.
1907 2789 2033 2820 decano
2049 2788 2298 2829 Engolismen.,
2314 2790 2348 2821 et

742 2841 869 2873 archid.
889 2841 930 2872 de
946 2841 1169 2874 Triacastella
1185 2843 1382 2883 Legionem,
1404 2851 1442 2874 ac
1462 2843 1612 2874 thesaur.
1635 2842 1768 2875 Albien.
1789 2842 1870 2874 eccl.
1886 2842 1940 2884 (Α.
1963 2843 2015 2880 26,
2033 2843 2067 2874 ff.
2083 2844 2142 2875 107
2160 2847 2174 2864 ⁸
2191 2844 2224 2874 et
2239 2844 2301 2875 206
2312 2847 2327 2864 ¹
2334 2852 2346 2880 ς

747 2896 783 2928 V.
800 2897 851 2932 82,
867 2904 919 2935 ep.
937 2895 1026 2936 206.)

786 2947 923 2982 26738.
942 2966 979 2971 -
996 2948 1110 2980 Eidem
1128 2950 1250 2982 indult.
1267 2950 1428 2982 audiendi
1450 2951 1483 2982 et
1499 2950 1634 2991 legendi
1660 2951 1753 2991 leges
1769 2950 1811 2982 ad
1828 2949 2015 2982 triennium
2041 2950 2077 2981 in
2101 2949 2175 2981 loco
2190 2949 2250 2980 ubi
2274 2951 2346 2981 stu-

742 3004 836 3036 dium
851 3006 963 3046 vigeat
981 3004 1150 3045 generale,
1165 3013 1232 3036 non
1251 3004 1338 3036 obst.
1357 3004 1448 3045 quod.
1471 3004 1571 3036 hodie
1597 3005 1637 3035 de
1657 3004 1809 3036 cantoria
1833 3004 1914 3035 eccl.
1937 3003 2158 3044 Legionensis
2180 3012 2209 3034 s.
2227 3012 2256 3035 c.
2278 3002 2346 3043 ipsi

741 3059 969 3098 provideatur.
991 3059 1042 3098 (Α.
1061 3060 1113 3097 23,
1134 3058 1157 3091 f.
1181 3060 1240 3090 206
1261 3064 1289 3096 ³,
1315 3058 1351 3090 V.
1373 3060 1425 3097 82,
1441 3067 1494 3098 ep.
1512 3058 1601 3097 207.)
