2540 3496
195 428 302 455 Datum
321 420 507 468 Avenione.

239 633 281 662 24
295 636 349 662 oct.
375 633 462 662 1326.

245 682 289 715 (ix
301 678 362 707 kal.
377 677 456 710 nov.)

259 724 292 752 T.
311 722 357 755 XI,
375 721 447 750 XIII.

313 847 347 875 Ut
369 855 392 874 s.

254 892 285 920 T.
303 892 350 926 XI,
370 891 442 918 XIII.

314 1113 350 1141 Ut
370 1122 393 1140 s.

259 1159 290 1186 T.
305 1159 351 1192 XI,
367 1158 438 1185 XIII.

241 1328 281 1356 25
297 1331 350 1356 oct.
368 1327 458 1355 4326.

234 1373 304 1410 (vm
318 1372 378 1400 kal.
391 1371 471 1408 nov.)

253 1417 285 1445 T.
305 1416 364 1450 XII,
379 1415 449 1443 XIV.
500 1433 503 1436 -

313 1488 349 1516 Ut
366 1496 390 1516 s,

258 1533 289 1560 T.
310 1532 357 1565 XI,
377 1532 450 1559 XIII.

311 1649 348 1677 Ut
368 1657 391 1676 s.

262 1694 293 1722 T.
309 1694 356 1728 XI,
371 1694 443 1722 XIII.

314 1969 351 1998 Ut
371 1978 395 1997 s.

260 2015 291 2042 T.
307 2015 354 2048 xl,
371 2014 443 2042 XIII.

243 2183 283 2211 26
300 2186 354 2211 oct.
374 2182 463 2211 1326.

237 2231 292 2263 (vn
312 2227 371 2256 kal.
388 2228 468 2264 nov.)

260 2274 291 2301 T.
310 2273 357 2308 XI,
377 2273 450 2301 XIII.

314 2400 352 2428 Ut
372 2408 396 2428 s.

259 2443 291 2472 T.
306 2445 352 2479 XI,
370 2444 444 2472 XIII.

313 2614 352 2643 Ut
370 2622 395 2642 s.

259 2659 291 2687 τ.
310 2659 359 2694 xl,
375 2659 448 2687 xm.

318 2775 355 2804 Ut
375 2784 399 2803 s.

265 2819 296 2848 T.
311 2820 357 2854 XI,
375 2820 447 2848 XIII.

318 2935 355 2964 Ut
375 2943 400 2965 ε.

565 336 739 367 JOANNIS
762 337 880 368 PAPAE
902 337 1003 367 XXII.
1028 338 1275 376 (1316-1334).
1299 356 1337 360 —
1359 338 1545 369 LITTERAE
1568 339 1792 370 COMMUNES
2128 345 2188 376 349

562 511 564 544 ¹³
593 525 620 556 Ι.
643 533 672 555 e.
691 534 737 556 m.
753 534 781 554 s.
799 525 889 556 Petri
911 524 1123 562 Cabilonen„
1140 527 1172 556 et
1187 525 1227 556 de
1245 526 1376 565 Acceyo
1401 529 1544 558 monast.
1566 537 1603 558 ac
1626 529 1739 560 saecul.
1757 529 1837 560 eccl.
1859 530 1899 561 de
1915 531 2118 570 Cerviduno,
2133 534 2190 565 Bi-

562 592 563 602 1
594 578 721 608 suntin.
740 579 772 608 et
786 578 930 608 AEduen.
948 578 1007 614 di.,
1023 577 1213 609 abbatibus.
1233 579 1287 618 (A.
1304 580 1354 613 26,
1373 579 1395 609 f.
1411 581 1469 610 243
1488 585 1516 617 ·;
1539 580 1572 611 V.
1589 582 1639 616 82,
1654 590 1706 620 ep.
1724 582 1811 622 289.)

638 627 773 659 26832.
789 646 827 652 -
846 629 940 660 Odeto
956 635 1030 661 nalo
1051 631 1181 661 Joanm‘s
1201 631 1237 661 de
1259 631 1449 662 Bellomonte
1464 633 1615 672 provisio
1639 643 1756 666 canon.
1785 635 1848 666 sub
1868 645 1964 676 exsp.
1987 638 2090 677 praeb.
2109 640 2190 671 eccl.

592 683 793 719 Bisuntinae,
807 683 936 715 consid.
958 684 1096 715 ι1031111111
1111 685 1150 715 R.
1169 685 1206 715 F.
1223 686 1256 715 et
1272 684 1314 715 N.
1333 702 1370 707 —
1385 685 1410 716 Ι.
1427 694 1456 716 e.
1475 695 1518 717 m.
1544 695 1572 716 s.
1590 687 1761 719 Vincentii
1780 688 1952 720 Bisuntin.
1971 693 2003 722 et
2015 691 2192 724 Bellaeval-

592 736 638 767 lis
654 738 813 773 monast„
832 745 870 767 ac
887 737 1000 768 saecul.
1022 737 1102 767 eccl.
1115 737 1156 768 de
1172 737 1377 775 Cerviduno,
1392 738 1561 770 Bisuntin.
1577 742 1609 771 et
1624 741 1769 772 AEduen.
1788 742 1847 778 di.,
1863 742 2055 776 abbatibus.
2072 746 2125 785 (A.
2138 747 2190 785 26,

593 789 616 821 r.
636 791 697 821 249
714 789 744 825 11;
764 789 800 820 V.
817 791 869 826 82,
884 798 935 829 ep.
951 791 1040 827 297.)

638 839 774 871 26833.
792 859 830 864 -
854 836 1039 873 Βενὴὴανάο
1062 842 1143 872 dicto
1161 842 1328 880 Alverdon,
1345 844 1423 875 cler.
1442 845 1670 884 Trajectensis
1685 847 1744 885 di.,
1765 848 1873 888 gratia
1888 858 1983 890 exsp.
2003 851 2113 884 benef.
2138 861 2191 885 ec-

593 896 778 927 clesiastici
792 905 820 926 s.
833 905 861 926 o.
877 897 930 935 (50
944 895 967 926 l.
981 895 1022 934 t.)
1034 896 1218 935 spectantis
1230 897 1270 926 ad
1286 897 1546 936 dispositionem
1560 899 1740 938 capitulis.
1755 901 1940 934 salvatoris
1951 904 2191 944 Trajectensis.

592 968 630 973 —
646 949 672 980 I.
695 957 724 980 e.
744 957 789 980 m.
811 948 886 979 abb.
910 951 1056 979 monast.
1080 958 1107 979 s.
1127 949 1225 979 Pauli
1242 949 1444 989 Trajecten„
1467 952 1500 981 et
1519 960 1605 991 mag.
1623 953 1765 984 Nicolao
1783 954 1824 985 de
1839 955 1982 994 Fractis,
2001 957 2192 997 Patracen„

593 1003 657 1034 litt.
674 1002 936 1042 apostolicarum
959 1002 1153 1037 correctori,
1172 1011 1209 1032 ac
1225 1002 1432 1034 Theoderico
1449 1004 1489 1035 de
1511 1004 1656 1042 Lobede,
1676 1006 1903 1046 Trajectensis
1919 1010 1999 1040 eccl.
2018 1012 2190 1044 canonico.

593 1057 648 1097 (A.
665 1058 718 1092 26,
736 1056 759 1086 f.
774 1057 835 1087 434
853 1060 882 1091 ¹3
901 1055 938 1086 V.
955 1056 1007 1092 82,
1024 1063 1077 1094 ep.
1093 1057 1178 1094 697.)

639 1106 775 1139 26834.
793 1126 832 1132 -
849 1109 933 1149 May.
948 1108 1066 1139 Joanm'
1080 1108 1117 1138 de
1131 1108 1318 1149 Arpadella,
1335 1109 1450 1139 decano
1466 1110 1539 1141 eccl.
1559 1110 1795 1151 Χαηειοηεηεὶε,
1815 1113 1854 1144 P.
1869 1113 1905 1146 Ρ.
1924 1125 2005 1155 cap.,
2023 1116 2194 1150 indultum

594 1162 802 1203 percipiendi
820 1162 951 1193 fructus
966 1162 1119 1193 omnium
1139 1161 1249 1193 benef.
1265 1171 1405 1193 suorum
1421 1162 1549 1203 absque
1563 1165 1747 1196 residentia
1762 1166 1803 1197 ad
1817 1167 2015 1207 triennium,
2029 1170 2064 1201 in
2077 1180 2194 1203 eorum

594 1217 710 1256 aliquo
727 1217 783 1247 aut
801 1216 836 1246 in
853 1215 927 1247 loco
943 1215 1002 1246 ubi
1017 1215 1168 1246 studium
1187 1215 1299 1255 vigeat
1315 1216 1472 1255 generale
1489 1217 1680 1249 residendo.
1697 1237 1735 1241 —
1754 1219 1780 1250 Ι.
1796 1228 1825 1251 e.
1844 1229 1890 1252 m.
1906 1221 2074 1262 archiep.0
2090 1225 2194 1256 Vien-

595 1270 706 1306 nensi,
721 1271 755 1300 et
772 1269 893 1301 Riven.
911 1277 949 1300 ac
962 1268 1190 1300 Cavallicensi
1204 1269 1303 1308 ep.iS.
1326 1269 1378 1305 (A.
1390 1270 1441 1306 28,
1459 1269 1480 1301 f.
1498 1271 1555 1301 341
1575 1270 1604 1307 ¹³3
1628 1271 1664 1303 V.
1682 1272 1733 1309 84,
1750 1281 1801 1312 ep.
1818 1273 1925 1314 2979.)

640 1320 776 1353 26835.
798 1340 837 1345 -
854 1322 948 1353 Petro
968 1321 1134 1363 Durbeqm',
1154 1322 1233 1353 cler.
1260 1322 1416 1358 Januen.,
1433 1331 1524 1354 conr.
1550 1324 1603 1355 off.
1621 1325 1808 1365 scriptoriae
1827 1327 2084 1366 poenitentiariae
2093 1339 2197 1370 apos-

594 1377 714 1410 tolicae.
732 1377 824 1408 —In
851 1385 879 1407 e.
908 1384 952 1407 m.
981 1375 1167 1407 Gaucelino
1194 1384 1240 1406 ss.
1267 1375 1457 1407 Marcellini
1482 1379 1514 1408 et
1536 1377 1629 1408 Petri
1651 1378 1764 1418 presb.
1792 1380 1882 1411 card.
1902 1381 1954 1418 (Α.
1977 1382 2026 1420 26,
2050 1383 2073 1413 f.
2089 1385 2144 1415 151
2161 1390 2194 1421 ⁸3

602 1431 635 1462 V.
653 1431 703 1467 82,
722 1439 774 1470 ep.
794 1429 880 1469 129.)

639 1482 775 1514 26836.
791 1501 830 1507 -
847 1483 1007 1525 Stephano
1025 1483 1107 1513 dicto
1135 1482 1215 1523 Voys
1232 1491 1326 1523 prov,
1345 1491 1463 1514 canon.
1482 1483 1546 1513 sub
1567 1492 1663 1524 exsp.
1684 1485 1786 1524 praeb.
1803 1486 1884 1517 eccl.
1904 1486 1938 1518 in
1957 1487 2043 1527 Elst,
2063 1489 2195 1530 Trajec-

595 1539 705 1571 tensis
724 1538 770 1569 di.
791 1555 826 1560 -
844 1538 870 1568 I.
886 1546 915 1568 e.
936 1545 980 1568 m.
998 1537 1145 1568 Xanten.
1165 1538 1198 1567 et
1211 1536 1449 1575 Zutphanien„
1467 1537 1642 1568 Colonien.
1660 1539 1691 1568 et
1708 1538 1896 1578 Trajecten.
1915 1540 1975 1578 di.,
1993 1541 2141 1580 decanis,
2160 1553 2197 1575 ac

595 1601 684 1632 mag.
704 1592 848 1623 Andreae
862 1590 1036 1631 Stephani,
1051 1598 1126 1621 can.
1142 1589 1304 1621 Lubicen.
1322 1589 1403 1621 eccl.
1420 1590 1473 1629 (A.
1494 1591 1546 1624 26.
1566 1590 1588 1620 f.
1604 1592 1664 1622 462
1682 1596 1710 1627 “;
1734 1590 1767 1622 V.
1785 1593 1836 1630 82,
1856 1601 1908 1632 ep.
1926 1594 2009 1633 723.)

641 1643 779 1676 26837.
796 1661 835 1667 -
855 1643 987 1675 Nicolao
1011 1643 1103 1684 Lapi,
1123 1652 1214 1674 mon.
1240 1642 1412 1682 prioratus
1430 1643 1666 1674 conventualis
1684 1644 1725 1675 de
1747 1645 1895 1677 Caritate
1917 1655 2020 1687 supra
2037 1638 2197 1689 Ligerim,

597 1699 793 1731 cluniacen.
814 1699 900 1736 ord„
924 1697 1178 1729 Autisiodoren.
1200 1696 1262 1733 di.,
1280 1696 1390 1736 gratia
1412 1705 1506 1736 exsp.
1527 1697 1699 1735 prioratus
1726 1697 1779 1728 vel
1795 1698 1991 1738 decanatus,
2018 1704 2074 1732 aut
2092 1703 2198 1743 dign„

597 1762 658 1784 seu
674 1753 890 1792 personatus,
908 1751 980 1782 sive
995 1750 1203 1787 administr.,
1221 1751 1279 1781 aut
1295 1750 1350 1781 off.
1368 1750 1421 1780 vel
1439 1750 1549 1781 benef.
1565 1759 1593 1780 c.
1612 1759 1639 1781 c.
1661 1751 1712 1781 vel
1725 1760 1753 1781 s.
1770 1760 1811 1787 c..
1832 1752 1935 1784 etiam
1951 1756 2197 1796 conventualis,

596 1806 750 1838 consueti
773 1814 834 1846 per
857 1805 971 1845 ipsius
987 1804 1159 1844 prioratus
1177 1812 1266 1834 mon.
1282 1802 1374 1843 gub„
1394 1805 1426 1834 et
1447 1803 1488 1833 ad
1506 1803 1580 1842 ejus
1597 1804 1723 1843 prioris
1742 1807 1774 1835 et
1789 1813 1884 1836 conv.
1902 1806 2015 1838 collat.
2029 1809 2198 1848 pertinen-

595 1861 652 1893 tis.
670 1877 707 1882 —
724 1860 751 1891 I.
769 1868 799 1890 e.
815 1868 860 1890 m.
879 1858 956 1890 abb.
982 1858 1128 1889 monast.
1147 1866 1174 1888 s.
1191 1856 1371 1888 Genovefae
1391 1856 1571 1893 Parisien.‚
1589 1858 1622 1887 et
1641 1857 1767 1888 archid.
1789 1858 2034 1898 Winctoniem,
2054 1870 2092 1892 ac
2110 1863 2198 1903 capi-

596 1914 687 1946 cerio
706 1912 928 1944 Aurelianen.
947 1911 1029 1942 eccl.
1047 1910 1102 1951 (A.
1121 1912 1172 1945 26,
1193 1910 1215 1940 f.
1229 1911 1289 1941 519
1308 1909 1337 1945 ι’;
1361 1909 1397 1940 V.
1415 1910 1465 1947 82,
1483 1918 1534 1948 ep.
1550 1909 1636 1949 868.)

641 1964 779 1997 26838.
800 1983 838 1989 -
852 1965 983 2002 Joanm',
1005 1969 1079 1995 nato
1099 1963 1224 2004 Alsonsi
1246 1963 1283 1994 de
1300 1962 1475 2000 Barchona,
1493 1963 1630 1995 collatio
1646 1972 1764 1995 canon.
1789 1965 1852 1995 sub
1874 1974 1971 2006 exsp.
1987 1967 2090 2007 praeb.
2116 1969 2185 2001 eccl

596 2020 787 2060 Seguntin.‚
804 2019 934 2051 consid.
954 2018 1084 2050 Sanciae
1103 2018 1226 2057 reginae
1242 2016 1379 2054 Siciliae,
1397 2016 1494 2056 cujus
1508 2017 1657 2047 Joannes
1673 2017 1753 2048 cler.
1770 2018 1899 2049 existit.
1919 2036 1959 2041 —
1975 2019 2012 2050 In
2028 2029 2058 2051 e.
2076 2030 2120 2053 m.
2140 2023 2198 2054 Ni·

597 2074 692 2106 colao
706 2074 747 2104 de
769 2073 914 2110 Fractis‚
933 2080 1005 2103 can.
1028 2071 1216 2106 Patracen.,
1233 2071 1340 2110 apost.
1359 2070 1425 2100 liu.
1445 2070 1639 2107 correctori,
1655 2072 1687 2101 et
1702 2070 1838 2110 AEgidio
1853 2071 2003 2110 Martini,
2017 2074 2198 2114 Conchen.,

598 2136 636 2159 ac
651 2127 792 2159 Nicolao
806 2126 847 2157 de
860 2126 1018 2163 Teramo,
1034 2124 1194 2164 Aquinat.
1209 2123 1381 2155 canonIcis
1397 2123 1476 2154 eccl.
1502 2124 1556 2163 (A.
1572 2124 1624 2161 28,
1639 2124 1660 2154 f.
1679 2125 1739 2155 327
1756 2130 1790 2161 ·;
1812 2124 1848 2156 V.
1868 2126 1919 2162 84,
1934 2134 1987 2166 ep.
2003 2129 2112 2167 2947.)

643 2177 778 2209 26839.
795 2196 835 2202 -
849 2179 932 2219 Maq.
957 2177 1100 2209 Arnaldo
1119 2177 1255 2207 Arnaldi
1275 2178 1311 2207 de
1328 2177 1450 2214 Bordis,
1468 2177 1548 2208 cler.
1567 2177 1814 2217 Appamiarum
1835 2178 1894 2215 di.,
1911 2180 2020 2219 gratia
2035 2189 2130 2221 exsp.
2146 2181 2199 2214 be-

597 2234 665 2266 nef.
684 2235 724 2273 (c.
742 2243 769 2265 c.
789 2234 847 2265 100
865 2233 920 2264 vel
943 2241 972 2263 s.
987 2241 1014 2263 c.
1032 2231 1110 2264 401.
1130 2233 1167 2269 t.)
1185 2231 1220 2261 in
1235 2230 1328 2262 civit.
1349 2230 1402 2261 vel
1426 2231 1472 2261 di.
1498 2231 1672 2270 Tolosan„
1691 2231 1812 2270 pertin.
1834 2232 1875 2262 ad
1898 2232 2011 2264 collat.
2036 2234 2199 2275 archiep.i

598 2287 772 2320 Tolosani.
796 2305 833 2310 —
851 2287 878 2318 1.
907 2295 935 2317 e.
954 2295 1000 2317 m.
1021 2294 1096 2324 ep.o
1121 2285 1370 2321 Convenarum,
1392 2286 1424 2315 et
1441 2293 1544 2324 praep.
1572 2284 1706 2320 Riven„
1730 2293 1768 2315 ac
1788 2284 1974 2317 Guillelmo
1994 2287 2105 2323 Barte‚
2125 2297 2197 2320 can.

597 2341 787 2374 Vaurensis
804 2340 885 2372 eccl.
900 2340 955 2380 (A.
971 2341 1024 2378 26,
1041 2339 1064 2370 f.
1079 2339 1119 2370 85
1134 2343 1165 2375 ¹3
1189 2337 1222 2368 V.
1239 2339 1291 2373 82,
1309 2346 1362 2378 ep.
1384 2337 1469 2377 154.)

643 2391 779 2424 26840.
802 2412 840 2418 -—
865 2392 1030 2425 Guillelmo
1051 2391 1214 2429 Gualcerii,
1238 2391 1366 2431 presb.,
1389 2391 1499 2430 gratia
1523 2400 1618 2430 exsp.
1640 2391 1752 2422 benef.
1772 2391 1899 2423 similis
1922 2392 1956 2423 in
1976 2393 2069 2425 civits
2084 2395 2137 2426 vel
2153 2395 2198 2427 di.

598 2449 746 2485 Albion„
775 2448 899 2488 pertin.
916 2447 958 2478 ad
985 2446 1099 2478 collat.
1127 2445 1194 2485 ep.i
1221 2444 1374 2481 Albien.;
1391 2453 1457 2475 non
1475 2444 1563 2476 obst.
1590 2445 1624 2475 in
1651 2453 1680 2475 s.
1696 2445 1834 2476 Martini
1857 2445 1897 2477 de
1924 2446 2200 2486 Vinhandraudo,

600 2502 823 2542 Burdegalen.
840 2501 899 2540 di.,
915 2509 1034 2532 canon.
1050 2501 1082 2530 et
1097 2498 1213 2539 praeb.,
1231 2507 1269 2529 ac
1285 2507 1313 2530 s,
1328 2498 1467 2530 Genesii
1484 2498 1734 2529 Claromonten.
1751 2498 1888 2536 vicaria,
1903 2500 1935 2531 et
1950 2499 1985 2531 in
1997 2502 2107 2532 castro
2119 2502 2201 2533 Nar-

598 2557 720 2589 bonen.
739 2556 873 2587 Tolosae
891 2554 1046 2586 ecclesiis
1061 2553 1192 2594 capella
1207 2553 1310 2592 regia.
1327 2569 1365 2574 —
1384 2552 1409 2583 Ι.
1427 2561 1456 2583 e.
1475 2560 1520 2582 111.
1540 2553 1577 2583 ut
1597 2560 1624 2583 s.
1642 2551 1695 2590 (A.
1709 2553 1760 2588 26,
1780 2552 1803 2583 f.
1820 2553 1859 2584 85
1877 2551 1906 2588 ¹³3
1931 2552 1963 2584 V.
1980 2554 2032 2591 82,
2049 2563 2101 2594 ep.
2117 2556 2200 2594 155.)

644 2607 782 2641 26841.
802 2626 842 2632 --
859 2607 1025 2640 Guillelmo
1049 2605 1180 2643 vasculi,
1209 2615 1305 2646 perp.
1329 2605 1458 2636 vicario
1484 2605 1518 2636 in
1542 2605 1623 2636 eccl.
1642 2606 1804 2643 Vauren„
1833 2607 1942 2646 gratia
1966 2615 2059 2647 exsp.
2088 2607 2199 2640 benef.

599 2665 642 2706 (c.
661 2674 689 2696 c.
706 2665 746 2696 60
764 2663 818 2694 vel
834 2671 862 2694 s.
878 2671 906 2693 c.
926 2663 967 2693 30
983 2661 1007 2692 l.
1024 2662 1063 2699 t.)
1082 2661 1117 2691 in
1139 2660 1231 2691 civit.
1251 2660 1304 2691 vel
1321 2659 1367 2690 di.
1388 2660 1551 2696 Vauren„
1575 2659 1699 2699 pertin.
1723 2659 1765 2690 ad
1783 2659 1893 2691 collat.
1913 2660 1981 2700 ep.i
1996 2661 2143 2692 Vauren.
2161 2679 2200 2684 —

599 2719 640 2751 In
657 2727 686 2750 e.
705 2726 752 2749 m.
771 2718 809 2748 ut
825 2725 853 2748 s,
872 2715 924 2755 (A.
940 2716 993 2751 26,
1008 2715 1032 2746 f.
1051 2715 1091 2746 86
1106 2719 1134 2751 ¹3
1158 2713 1192 2745 V.
1207 2715 1258 2750 82,
1274 2721 1328 2753 ep.
1346 2714 1430 2752 156.)

645 2768 781 2802 26842.
800 2787 840 2793 -
862 2770 956 2800 Petro
970 2767 1102 2800 Joannis
1117 2776 1210 2807 prov.
1236 2775 1355 2798 canon.
1373 2766 1453 2798 eccl.
1475 2767 1653 2797 Zamoren.
1670 2765 1733 2797 sub
1748 2774 1843 2805 exsp.
1862 2765 1964 2805 praeb.
1981 2774 2057 2798 cum
2071 2767 2200 2806 praesti-

601 2825 727 2858 moniis
742 2826 775 2856 et
792 2821 1119 2864 praestimonialibus
1135 2820 1362 2861 portionibus.
1379 2837 1418 2842 —
1435 2820 1461 2850 I.
1479 2828 1507 2850 e.
1526 2827 1570 2849 m.
1592 2828 1668 2859 ep.0
1684 2819 1880 2856 Civitaten.,
1896 2820 1928 2850 et
1946 2819 2046 2851 Petro
2065 2820 2108 2851 el.
2123 2821 2200 2852 Car-

600 2879 738 2919 taginen
756 2901 764 2916 ,
780 2886 818 2909 ac
834 2877 960 2909 decano
975 2875 1056 2907 eccl.
1070 2874 1282 2906 Elborensis.
1298 2873 1351 2913 (A.
1367 2874 1419 2909 26,
1437 2873 1461 2904 f.
1476 2874 1516 2904 93
1528 2878 1557 2910 ·;
1581 2871 1614 2903 V.
1632 2873 1683 2908 82,
1697 2881 1749 2912 ep.
1768 2873 1852 2911 171.)

645 2928 782 2962 26843.
800 2948 840 2953 -
859 2929 1021 2960 Ber-nardo
1042 2928 1079 2959 de
1103 2927 1223 2965 Brolio‚
1243 2936 1334 2958 mon.
1361 2926 1559 2957 monasterii
1588 2934 1616 2956 s.
1635 2925 1781 2958 OrIentii
1805 2925 1980 2963 Auximo..
2004 2925 2198 2958 Cluniacen.

603 2986 689 3022 ord..
715 2984 824 3026 grafia
846 2991 942 3023 exsp.
963 2982 1147 3022 prioratus,
1170 2981 1225 3012 vel
1247 2981 1352 3020 dign.‚
1373 2979 1578 3015 administr.,
1603 2979 1656 3009 off.
1681 2980 1739 3009 aut
1763 2978 1873 3009 benef.
1899 2987 1927 3009 c.
1945 2987 1974 3010 c.
1991 2978 2046 3011 vel
2065 2988 2092 3010 s.
2111 2989 2139 3010 c.
2159 2979 2202 3011 ad

603 3039 717 3072 collat.
733 3037 859 3078 prioris
881 3038 914 3068 et
936 3044 1032 3067 conv.
1054 3035 1166 3075 ipsius
1182 3033 1382 3065 monasterii
1404 3041 1463 3072 per
1484 3032 1633 3072 priorem
1650 3031 1743 3062 soliti
1760 3030 1852 3071 gub„
1871 3031 2011 3071 ejusque
2027 3031 2202 3065 monachis
