2540 3496
230 410 334 438 Datum
352 405 538 439 Avenione.

260 512 299 540 23
314 515 396 540 mart.
419 511 507 540 1327.

282 560 312 591 (x
329 556 387 584 kul-
409 555 485 592 apr.)

231 624 234 627 ⁴
285 602 330 628 Gr.
348 609 399 636 pro
412 601 478 628 Deo.

343 727 378 754 Ut
398 735 422 755 s.

298 772 328 799 T.
346 771 391 806 XI,
406 771 478 799 XIII.

347 941 381 969 L't
397 950 421 969 s.

329 986 359 1013 Τ.
377 986 433 1014 ΧΧ.

344 1048 381 1076 Ut
400 1057 424 1076 s.

288 1093 320 1123 T.
339 1093 387 1128 XI,
403 1093 475 1122 XIII.

344 1318 381 1346 Ut
395 1326 419 1346 S.

343 1586 377 1613 Ut
397 1595 420 1614 s.

316 1630 348 1658 Τ.
365 1630 448 1659 XXX.

341 1908 377 1935 Ut
396 1917 420 1936 s.

348 2982 384 3011 Ut
403 2991 426 3010 s.

296 3027 328 3053 Ί“.
346 3027 391 3059 xl,
406 3026 478 3054 XIII.

595 320 770 352 JOANNIS
794 321 912 352 PAPAE
934 321 1037 351 xxll.
1061 321 1309 361 (1316-1334).
1334 339 1372 344 —
1395 319 1582 351 LITTERAE
1606 318 1831 350 COMMUNES
2178 321 2235 350 491

672 508 812 541 28271.
832 530 870 534 -
889 511 972 552 Epo
994 512 1182 544 Ηῑίηιοηιέη.
1200 512 1314 544 mand.
1334 513 1370 543 ut
1385 511 1631 551 indulgentiam
1646 521 1684 541 Lx
1700 510 1831 542 dierum
1847 510 1954 550 apost.
1972 509 2060 540 auct.
2080 508 2239 540 concodat

628 564 787 596 omnibus
815 574 894 596 vere
918 565 1158 605 paenitentibus
1183 567 1216 597 et
1237 565 1406 597 confessis
1429 566 1487 605 qui
1508 565 1599 596 infra
1624 564 1810 596 triennium
1835 572 1852 595 e
1875 563 1976 594 bonis
1999 563 2049 594 eis
2066 562 2202 594 collatis
2219 571 2239 593 a

628 618 775 650 Domino
793 618 835 650 ad
856 619 1107 659 reparationem
1130 619 1211 651 eccl.
1233 629 1261 650 s.
1283 619 1380 652 Olavi
1399 619 1491 659 regis
1512 619 1552 650 de
1574 618 1667 650 Villa
1687 617 1923 654 Southework‚
1943 616 2157 648 Wintonien.
2177 616 2237 651 di.,

622 671 722 712 juxta
740 672 850 711 ripam
871 673 976 704 maris
992 674 1204 712 constructae,
1227 673 1387 714 suffragia
1404 672 1631 713 porrexerint.
1649 673 1701 711 (A.
1718 673 1768 708 27,
1786 671 1808 702 f.
1825 673 1866 703 89
1878 671 1911 707 ¹³3
1939 670 1974 702 V.
1992 671 2043 706 83,
2061 679 2114 711 ep.
2133 671 2238 708 1269.)

672 723 810 756 28272.
840 745 878 749 -
911 726 1070 767 Stephano
1103 727 1139 757 de
1167 727 1309 768 Symars,
1343 726 1414 758 cler.
1448 726 1630 758 cabilonen.
1657 725 1715 765 di.,
1739 725 1849 766 gratia
1875 734 1968 765 exsp.
1999 723 2110 756 benef.
2141 724 2182 764 (c.
2209 732 2237 755 c.

625 781 666 811 60
681 780 733 811 vel
747 789 775 811 s.
793 789 821 811 c.
834 782 873 812 40
891 780 913 811 l.
933 781 969 819 t.)
984 781 1107 820 pertin.
1125 781 1168 812 ad.
1182 781 1340 821 disposit.
1359 781 1426 821 ep.i
1443 780 1693 812 Cabilouensis.
1711 797 1746 803 —
1760 780 1800 810 In
1815 788 1844 811 e.
1858 788 1903 810 m.
1916 778 2025 819 priori
2038 787 2066 810 s.
2084 777 2240 809 Marcelli

626 841 732 873 prope
751 833 960 872 Cabilonem‚
986 835 1018 865 et
1036 834 1175 872 decano,
1200 843 1237 866 ac
1257 834 1448 866 Guillermo
1466 834 1506 865 de
1529 833 1689 873 Thoyrie,
1709 841 1782 864 can.
1802 832 1882 864 eccl.
1900 831 2098 864 Cabilonen.
2114 831 2167 872 (Α.
2186 833 2239 869 27,

626 886 650 917 f.
669 888 709 919 96
725 886 758 923 ¹¹;
783 887 818 918 V.
836 888 887 925 83,
906 897 959 928 ep.
981 889 1087 928 1270.)

671 937 810 971 28273.
838 957 877 963 -
909 941 1079 982 Stephano,
1108 951 1178 984 ep.o
1201 942 1372 980 Lubucen„
1401 941 1502 973 facul.
1534 940 1713 972 recedendi
1738 949 1756 972 e
1780 940 1886 972 curia.
1912 940 1966 980 (A.
1995 941 2048 977 27,
2082 939 2104 970 f.
2131 939 2188 969 104
2206 938 2237 972 ι’;

634 993 668 1025 V.
688 995 739 1031 83,
758 1003 810 1035 ep.
828 996 926 1031 1271;
943 995 1102 1033 Theiner,
1120 996 1320 1027 Monumenta
1336 995 1481 1026 historica
1503 993 1650 1031 Poloniae,
1667 995 1691 1025 t.
1711 994 1738 1032 Ι,
1754 1003 1787 1034 p.
1802 995 1874 1031 296,
1892 993 1965 1024 doc.
1984 992 2238 1030 CCCLXXIX.)

672 1045 811 1078 28274.
833 1067 865 1071 -
887 1048 1068 1090 aequando,
1087 1053 1159 1080 nato
1177 1059 1209 1081 n.
1225 1060 1253 1080 υ.
1271 1048 1408 1080 oddonis
1421 1048 1457 1079 de
1469 1048 1639 1089 Suqniaco,
1657 1048 1793 1079 collatio
1810 1055 1928 1078 canon.
1944 1046 2008 1078 sub
2024 1055 2120 1086 exsp.
2134 1045 2236 1086 praeb.

627 1101 708 1133 eccl.
726 1102 920 1141 Bisuntin.;
939 1111 1007 1134 non
1024 1102 1112 1135 obst.
1127 1102 1263 1143 paroch.
1285 1102 1367 1134 eccl.
1392 1102 1629 1142 Capellenade,
1651 1101 1848 1142 Lugdunen.
1869 1101 1914 1132 di.
1935 1118 1974 1124 -
1990 1100 2029 1131 In
2046 1108 2075 1131 e.
2092 1108 2139 1131 m.
2157 1099 2238 1131 Gui-

626 1155 706 1196 goni
725 1155 767 1187 de
789 1165 816 1188 s.
842 1156 1026 1194 Germano,
1046 1156 1174 1188 archid.
1195 1157 1381 1188 Benascen.
1400 1156 1562 1194 Ilerden„
1578 1157 1611 1187 et
1628 1155 1779 1188 Guidoni
1796 1155 1837 1187 de
1859 1154 2060 1195 Albaspina,
2081 1153 2240 1186 Matisco-

626 1217 718 1247 nen„
746 1218 784 1241 ac
805 1210 995 1242 Guillermo
1019 1211 1060 1242 de
1079 1210 1240 1251 Thoyrie‚
1265 1210 1464 1242 Cabilonen.
1488 1209 1663 1241 canonicis
1686 1208 1919 1240 ecclesiarum.
1942 1208 1994 1247 (Α.
2013 1209 2063 1245 27,
2082 1207 2106 1239 f.
2126 1208 2184 1239 107
2203 1212 2238 1244 ⁸3

633 1262 666 1295 V.
686 1265 737 1301 83,
758 1272 811 1303 ep.
833 1265 937 1303 1272.)

673 1314 808 1347 28275.
828 1335 867 1340 --
889 1316 1055 1348 Guillelmo
1076 1317 1113 1348 de
1134 1317 1318 1355 Fontelana,
1339 1326 1433 1358 perp.
1457 1326 1530 1357 cap.
1554 1317 1692 1357 capellae
1718 1316 1790 1348 sitae
1813 1325 1918 1357 prope
1940 1316 2022 1347 eccl.
2042 1324 2069 1346 s.
2090 1315 2182 1347 Petri
2200 1315 2240 1346 de

626 1370 787 1408 Lovinco,
807 1371 978 1403 Bisuntin.
996 1371 1055 1408 di.,
1073 1371 1184 1411 gratia
1199 1380 1296 1411 exsp.
1312 1371 1425 1402 benef.
1444 1371 1556 1402 saecul.
1577 1373 1618 1409 (c.
1636 1379 1663 1402 c.
1682 1372 1721 1402 60
1739 1370 1793 1402 vel
1810 1379 1839 1402 ε.
1858 1379 1886 1401 c.
1902 1371 1942 1402 40
1958 1369 1980 1400 l.
1999 1370 2052 1408 t.)‚
2070 1369 2112 1400 ad
2125 1368 2240 1400 collat.

627 1423 704 1455 abb.
728 1425 761 1456 et
786 1433 881 1455 conv.
907 1425 1052 1456 monast.
1073 1433 1099 1456 s.
1127 1424 1220 1456 Petri
1237 1424 1334 1464 juxta
1354 1433 1471 1456 muros
1491 1423 1703 1461 Cabilonen.‚
1723 1425 1762 1457 Ο.
1780 1425 1813 1457 S.
1830 1424 1868 1456 Β,
1888 1441 1925 1446 -
1941 1423 1967 1454 I.
1987 1431 2016 1455 e.
2036 1432 2080 1454 m.
2101 1423 2240 1460 decano,

627 1479 660 1509 et
679 1477 866 1509 Guillelmo
887 1477 928 1509 de
950 1477 1090 1518 Toyrie,
1109 1476 1321 1513 cabilonen„
1346 1487 1384 1509 ac
1405 1486 1492 1518 mag.
1515 1478 1640 1509 Joanni
1663 1478 1704 1509 de
1723 1476 1964 1515 Castrocaroli,
1982 1476 2239 1508 Autisiodoren.

627 1540 700 1563 can.
719 1530 800 1563 eccl.
821 1530 875 1571 (V.
893 1532 944 1569 83,
963 1540 1014 1571 ep.
1035 1532 1114 1563 1274
1130 1531 1184 1571 B.)

672 1581 811 1615 28276.
832 1603 869 1608 -
887 1585 974 1626 Εμο
992 1584 1174 1617 Cabilonen.
1193 1585 1307 1617 mand.
1326 1586 1362 1616 ut
1378 1594 1410 1618 n.
1428 1594 1473 1617 m.
1491 1585 1696 1626 Margaritae,
1713 1585 1802 1617 d.nae
1816 1585 1857 1616 de
1872 1593 1900 1616 s.
1918 1585 2024 1616 Cruce
2043 1584 2242 1624 Lugdunen.

627 1638 686 1676 di.,
711 1638 885 1670 lIcentiam
908 1638 1076 1679 largiatur
1101 1638 1266 1674 fundandi
1292 1639 1327 1670 in
1352 1639 1444 1670 civit.
1471 1638 1692 1671 Cabilonensi
1719 1638 1966 1670 monasterium
1989 1646 2146 1669 sororum
2168 1637 2240 1668 ord.

627 1701 654 1724 s.
674 1692 782 1725 Clarae
797 1692 833 1724 in
849 1692 954 1724 fundo
969 1693 1108 1733 proprio
1126 1692 1181 1724 sui
1196 1692 1407 1733 patrimonii,
1426 1693 1557 1724 scilicet
1574 1693 1610 1724 in
1626 1692 1700 1724 loco
1716 1693 1835 1724 vocato
1848 1691 1882 1723 S.
1899 1692 1944 1723 M.
1959 1691 1999 1723 de
2018 1691 2195 1729 Cabilone,
2211 1692 2243 1722 et

626 1746 767 1786 insuper
790 1746 975 1787 deputandi
1005 1746 1118 1787 prima
1141 1746 1213 1778 vice
1236 1755 1371 1778 sorores
1395 1746 1431 1778 in
1452 1746 1542 1778 dicto
1567 1748 1713 1778 monast.
1739 1745 1963 1777 includendas
1987 1746 2019 1777 et
2043 1745 2243 1776 nominandi

625 1799 850 1832 abbatissam.
873 1800 926 1839 (A.
949 1802 1001 1838 27,
1029 1800 1052 1831 f.
1077 1801 1116 1832 86
1137 1800 1162 1838 *¹5
1192 1799 1227 1831 V.
1253 1801 1304 1839 83,
1328 1809 1381 1841 ep.
1408 1802 1486 1832 1276
1499 1809 1509 1838 ;
1530 1799 1650 1836 Eubel,
1674 1799 1858 1831 Bullarium
1881 1799 2135 1837 Frwciscanum,
2156 1800 2182 1831 t.
2200 1799 2242 1835 V,

625 1862 658 1894 p.
679 1855 750 1891 322,
770 1862 803 1885 n.
821 1855 908 1893 656.)
1896 1844 1898 1847 ’

671 1905 809 1938 28277.
833 1926 871 1931 -
890 1907 1026 1949 Guiqom'
1043 1907 1080 1938 de
1096 1918 1121 1939 s.
1142 1907 1307 1946 Germano,
1327 1907 1449 1939 archid.
1466 1908 1651 1945 Benascen„
1671 1907 1819 1947 Ilerden.,
1838 1907 1936 1948 Papae
1957 1916 2041 1948 cap.‚
2061 1911 2089 1938 et
2108 1906 2244 1939 Guidoni

627 1961 665 1992 de
684 1961 872 2003 Albaspina,
893 1962 1110 2000 Matisconen„
1129 1972 1166 1993 ac
1185 1961 1347 1993 Guillelmo
1362 1962 1398 1993 de
1417 1962 1540 2003 Toyrie,
1562 1961 1743 1994 Cabilonen.
1763 1971 1830 1992 can.
1851 1960 1936 1998 eccl„
1956 1961 2084 1999 mand„
2103 1961 2146 1992 ad
2163 1969 2243 2000 sup—

626 2015 846 2055 plicationem
870 2015 1038 2055 praedictae
1062 2015 1266 2056 Margaritae,
1282 2016 1320 2047 ut
1344 2015 1493 2048 Guidoni
1514 2015 1554 2047 de
1575 2015 1792 2053 Castellione‚
1818 2023 1909 2046 mon.
1930 2015 2077 2046 monast.
2098 2014 2243 2045 Trenor-

627 2068 750 2106 chien.,
769 2069 808 2101 O.
826 2068 860 2101 S.
877 2069 930 2105 B..
950 2068 1148 2101 Cabilonen.
1166 2069 1226 2105 di.,
1245 2069 1423 2102 conferant
1437 2069 1627 2110 prioratum
1643 2069 1701 2109 qui
1717 2069 1753 2100 in
1768 2068 1852 2100 villa
1868 2077 1929 2100 seu
1941 2067 2048 2108 burgo
2064 2068 2105 2099 de
2120 2068 2242 2104 Loans,

626 2121 799 2154 Bisuntin.
819 2122 880 2160 di.,
899 2123 947 2162 (in
967 2122 1029 2154 hac
1050 2122 1188 2163 quidem
1206 2123 1291 2154 villa
1307 2123 1527 2161 Guillelmus,
1544 2123 1638 2154 filius
1652 2122 1758 2163 eJusd.
1777 2131 1810 2153 n.
1829 2131 1889 2159 m.‚
1907 2122 2099 2153 dominium
2115 2121 2245 2153 obtinet

627 2176 830 2217 temporale)
850 2176 892 2209 ab
910 2176 994 2209 olim
1010 2177 1187 2209 consuevit
1205 2185 1293 2216 esse,
1312 2178 1344 2209 et
1362 2177 1486 2208 solitus
1503 2178 1555 2208 est
1572 2185 1632 2217 per
1646 2185 1737 2208 mon.
1754 2176 1837 2208 dicti
1854 2176 1999 2207 monast.
2017 2175 2111 2216 gub„
2127 2183 2244 2215 quem·

629 2238 695 2270 que
710 2230 835 2270 quond.
854 2230 1063 2262 Guillelmus
1078 2230 1119 2262 de
1133 2230 1289 2268 Lusiaco,
1307 2231 1400 2271 prior
1416 2230 1587 2271 prioratus
1602 2230 1642 2262 de
1658 2229 1825 2268 Floriaco,
1843 2229 1926 2261 dicti
1943 2229 2029 2266 ord.,
2048 2229 2244 2261 Claromon-

626 2285 696 2315 teu.
716 2284 776 2320 di.,
791 2283 889 2324 juxta
905 2284 1041 2316 constit.
1059 2292 1163 2324 super
1178 2284 1303 2324 plural.
1322 2284 1433 2316 benef.
1453 2284 1607 2320 dimisit;
1624 2284 1703 2316 licet
1722 2283 1939 2324 postmodum
1955 2282 2120 2315 Nicolaus
2140 2281 2246 2313 abbas

629 2337 711 2369 dicti
729 2339 875 2370 monast.
897 2338 1009 2370 eumd.
1031 2337 1223 2378 prioratum
1246 2338 1353 2378 priori
1377 2338 1551 2378 prioratus
1574 2338 1614 2369 de
1631 2337 1862 2378 Chapanhaco,
1882 2337 1962 2368 dicti
1983 2336 2069 2375 ord.,
2089 2336 2244 2367 Anicien.

629 2391 689 2429 di.,
712 2391 920 2423 monasterio
941 2391 1102 2431 praedicto
1119 2391 1273 2432 subjecti.
1292 2401 1353 2432 pro
1370 2393 1459 2423 certa
1474 2392 1626 2432 pecuniae
1643 2391 1833 2432 quantitate
1847 2400 1886 2423 eo
1900 2391 2014 2428 modo,
2031 2390 2188 2430 quamvis
2203 2390 2244 2421 de

630 2444 731 2483 facto,
757 2444 976 2483 concesserit,
1002 2446 1039 2477 ut
1060 2446 1186 2477 extunc
1203 2445 1343 2486 grangia
1357 2445 1464 2486 ejusd.
1482 2446 1653 2486 prioratus
1671 2445 1711 2477 de
1728 2445 1953 2486 Chapanhaco
1971 2444 2044 2476 fore
2060 2443 2197 2476 deberet
2214 2445 2248 2475 et

582 2543 586 2548 ἢ
629 2500 883 2539 nuncuparetur
902 2499 1090 2540 vulgariter
1112 2499 1307 2531 decanatus.
1334 2499 1456 2531 Dictus
1478 2500 1591 2530 autem
1612 2499 1784 2539 prioratus
1807 2500 1848 2531 de
1866 2498 1980 2531 Loans
1997 2498 2086 2539 (401.
2106 2499 2158 2536 t.)‚
2175 2499 2247 2529 tum

628 2553 766 2592 propter
785 2552 954 2585 incuriam
974 2553 1128 2594 priorum
1149 2562 1302 2591 suorum,
1324 2554 1396 2584 tum
1414 2554 1552 2594 propter
1569 2553 1818 2585 ordinationem
1836 2553 1918 2584 dicti
1936 2552 2071 2584 abbatis
2091 2553 2174 2583 acteo
2196 2552 2248 2583 est

628 2606 665 2637 in
681 2606 755 2638 suis
769 2605 990 2638 facultatibus
1003 2606 1196 2638 diminutus
1210 2607 1247 2638 ut
1263 2606 1321 2638 vix
1333 2606 1467 2638 adicere
1479 2606 1603 2646 poterit
1617 2607 1802 2647 quominus
1816 2607 1985 2647 resurgat,
2002 2605 2071 2636 nisi
2087 2614 2147 2645 per
2159 2605 2248 2636 Mar-

629 2659 774 2699 garitam
788 2661 821 2692 et
834 2659 946 2691 filium
962 2660 1178 2700 supradictos
1193 2660 1362 2692 relevetur
1376 2662 1409 2692 et
1423 2660 1527 2692 etiam
1541 2660 1758 2698 reformetur,
1775 2660 1817 2691 ad
1829 2659 1919 2700 quod
1932 2659 2013 2699 ipsi,
2028 2667 2090 2698 pro
2104 2667 2142 2689 eo
2159 2657 2249 2698 quod

630 2713 666 2744 in
683 2713 773 2745 dicto
788 2713 942 2754 prioratu
962 2714 1195 2754 progenitores
1216 2723 1347 2752 eorum,
1364 2714 1494 2745 domini
1512 2714 1552 2745 de
1569 2722 1597 2746 S.
1617 2714 1721 2746 Cruce
1740 2723 1778 2745 ac
1797 2714 1926 2745 milites
1945 2713 2004 2744 alii
2022 2712 2155 2743 nobiles
2173 2711 2247 2743 illa-

631 2775 708 2798 rum
723 2767 884 2807 partium,
903 2776 1021 2800 eorum
1037 2768 1295 2809 consanguinei,
1311 2769 1391 2800 sunt
1410 2767 1546 2808 sepulti,
1565 2768 1703 2799 omnino
1720 2767 1901 2799 intendunt
1921 2768 2139 2806 augmentare
2158 2765 2194 2796 in
2209 2773 2249 2797 eo

633 2828 815 2852 numerum
837 2821 1081 2854 monachorum
1102 2831 1165 2862 pro
1187 2822 1280 2854 cultu
1297 2822 1407 2854 divini
1425 2822 1577 2854 nominis
1603 2821 1689 2853 inibi
1714 2821 1918 2853 resumendo
1937 2821 1970 2852 et
1992 2820 2093 2851 etiam
2116 2827 2248 2851 conser-

632 2874 754 2906 vando.
767 2875 845 2907 Non
860 2874 948 2907 obst.
964 2875 1056 2916 quod
1068 2875 1181 2908 dictus
1193 2876 1304 2908 Guido
1319 2876 1501 2917 quamdam
1515 2876 1747 2916 provisionem
1761 2882 1909 2906 annuam
1923 2875 1980 2905 100
1993 2873 2056 2905 sol.
2072 2875 2137 2904 tur.
2152 2881 2245 2913 parv,

633 2927 674 2959 de
690 2936 810 2959 mensa
823 2927 958 2961 abbatis
973 2929 1054 2961 dicti
1072 2930 1218 2961 monast.
1237 2929 1398 2967 obtineat,
1415 2938 1518 2970 quam
1535 2929 1706 2960 dimittere
1721 2927 1903 2960 tenebitur.
1926 2926 1979 2966 (V.
1997 2928 2048 2965 83,
2068 2936 2120 2967 ep.
2145 2927 2250 2966 1277.)

679 2980 819 3013 28278.
838 3002 875 3008 -
895 2983 1050 3015 Durando
1073 2984 1257 3016 Men-catoris
1281 2985 1394 3016 collat.
1421 2984 1554 3024 paroch.
1575 2983 1656 3015 eccl.
1682 2992 1710 3014 s.
1731 2982 1875 3014 Caeciliae
1893 2982 1934 3014 de
1953 2982 2175 3023 Freiayrolis,
2194 2982 2251 3013 Al-

633 3035 724 3068 bien.
740 3037 799 3076 di.,
815 3046 875 3077 per
889 3037 1020 3070 obitum
1036 3038 1210 3078 Aymerici
1227 3039 1267 3070 de
1286 3038 1472 3070 canalibus
1493 3038 1582 3078 apud
1602 3037 1636 3069 S.
1653 3038 1693 3068 A.
1710 3036 1836 3077 praevia
1856 3044 1983 3068 reserv.
2005 3045 2097 3073 vac.;
2115 3035 2249 3076 paroch.
