2540 3496
338 297 400 329 208

375 386 480 412 Datum
503 378 683 412 Aveniorie.

364 467 366 470 ’
409 487 450 514 29
466 486 536 513 maii
551 483 638 511 132⁶.

422 533 464 563 (ιν
480 529 539 557 kal.
553 528 629 563 jun.)

469 574 499 601 T.
522 572 578 600 xx.

482 697 519 725 Ut
538 705 561 723 s.

441 742 471 769 T.
495 741 598 768 mlxxx·

477 1017 513 1044 Ut
532 1025 556 1043 8.

422 1062 453 1089 T.
475 1062 541 1094 XX3
560 1062 608 1088 Gr.

474 1716 507 1742 Itt
524 1724 548 1742 8.

390 1984 514 2027 30Vmaii
531 1985 620 2012 4326.

396 2030 442 2064 (ιιι
467 2029 527 2056 kal.
546 2029 623 2065 jun.)

441 2074 471 2101 T.
493 2074 572 2101 XXX.

470 2145 504 2172 Ut
521 2154 544 2172 8.

361 2190 392 2216 Τ.
414 2190 449 2216 XI
467 2190 512 2224 ¹l2‚
533 2190 592 2216 XIII
606 2190 652 2223 ¹l2.

469 2465 504 2492 Ut
522 2473 544 2491 s.

414 2510 445 2536 T.
463 2509 508 2544 xl,
524 2509 595 2536 Xlll.

464 2626 500 2653 Ut
521 2634 544 2653 s.

449 2671 479 2697 Τ.
501 2670 565 2697 ΧΧ..

467 2787 502 2815 Ut
519 2795 542 2814 s.

407 2833 439 2862 T.
459 2832 506 2866 XI,
524 2832 597 2859 XIII.

749 287 923 319 JOANNIS
947 285 1066 317 PAPAE
1087 283 1190 314 XXII.
1214 282 1465 323 (1316-1334).
1489 298 1526 303 —
1549 279 1737 310 LITTERAE
1760 278 1987 310 COMMUNES

813 475 951 507 25490.
970 494 1007 499 —
1026 475 1202 509 Caminen..
1214 483 1240 503 s.
1258 472 1404 503 Gereom‘s
1417 476 1445 502 el
1457 482 1482 502 3.
1497 470 1622 511 Georgii
1638 469 1798 502 Colonien.
1813 471 1887 503 eccl.
1905 471 2031 503 decani:
2040 472 2155 504 mand.
2167 474 2205 505 ut
2215 473 2379 514 Sophiam

768 535 878 562 natam
897 529 1063 561 Ludovici
1082 529 1122 559 de
1140 526 1314 566 Dusburg,
1332 525 1419 556 alias
1430 525 1471 556 de
1489 525 1623 562 Bunna,
1634 524 1785 564 puellam
1799 525 1987 557 litteratam
2002 525 2179 558 colonien.
2196 526 2258 565 di.,
2271 527 2379 568 recipi

766 585 892 615 faciant
909 584 943 614 in
960 583 1106 613 monast.
1129 580 1169 611 de
1192 579 1416 619 Doytkirgen,
1434 587 1538 618 prope
1562 587 1679 609 muros
1699 579 1868 617 Bunnen„
1885 578 1924 611 O.
1937 579 1972 611 S.
1986 579 2040 616 B..
2064 579 2163 612 dictae
2188 580 2235 612 di.
2254 580 2308 621 (A.
2325 582 2377 620 25,

766 638 787 668 f.
803 639 844 668 50
860 636 890 672 ¹³3
916 636 949 666 V.
970 637 1020 671 81,
1041 643 1095 673 ep.
1119 635 1198 665 1649
1214 635 1247 664 et
1260 633 1368 671 2870.)

808 686 946 718 25491.
967 703 1002 711 -α
1019 686 1183 724 Isnardus,
1207 686 1291 718 olim
1313 685 1506 726 patriarcha
1529 677 1784 722 Antiochensis,
1807 687 1925 718 contra
1946 694 2048 726 quem
2070 686 2199 718 dudum
2220 687 2379 720 nonnulli

764 752 824 783 per
839 743 879 774 P.
895 743 934 774 P.
950 741 1058 773 habiti
1075 741 1213 772 fuerunt
1228 748 1411 780 processus
1426 739 1668 779 depositionis,
1686 747 1817 771 excom.
1834 739 1868 771 et
1885 739 1973 771 alias
1986 748 2109 780 graves
2123 749 2240 781 poenas
2253 743 2287 773 et
2300 749 2377 773 sen-

764 797 888 828 tentias
912 795 1138 832 continentes,
1157 793 1284 834 quique
1304 792 1526 834 postmodum
1554 792 1734 824 absolutus
1756 793 1789 824 et
1816 792 2016 825 habilitatus
2034 793 2113 831 fuit,
2130 794 2314 834 praeficitur
2341 795 2378 828 in

762 850 972 889 archiep.um
989 849 1070 880 eccl.
1088 847 1253 885 Theban.,
1269 848 1347 887 post
1363 846 1494 878 obitum
1506 846 1670 886 Stephani
1688 846 1723 877 in
1734 846 1891 886 partibus
1901 846 2037 888 Apuliae
2053 847 2217 886 defuncti,
2229 848 2377 889 disposi-

761 904 847 935 tioni
867 903 900 934 S.
924 904 965 934 A.
988 903 1181 933 reservatae.
1197 919 1235 924 —
1251 901 1280 932 Ι.
1298 909 1328 931 e.
1347 909 1391 932 m.
1412 900 1539 931 decano
1562 900 1594 931 et
1609 899 1711 940 capit.
1725 899 1823 932 dictae
1844 899 1943 938 eccl.;
1961 900 2162 940 patriarchae
2185 901 2378 933 Constanti·

761 957 971 998 nopolitano.
989 956 1041 996 (A.
1062 956 1114 993 25,
1131 955 1154 986 f.
1174 957 1215 986 74
1229 960 1260 991 ⁸;
1282 954 1314 984 V.
1334 955 1386 992 81,
1404 962 1458 993 ep.
1475 953 1582 993 1658.)

805 1007 945 1041 25492.
961 1028 999 1033 -
1017 1009 1104 1050 Ερ.ο
1118 1008 1256 1039 Albiensi
1275 1008 1389 1039 mand.
1412 1009 1450 1038 ut
1473 1007 1624 1047 inquirat
1639 1009 1674 1038 et
1695 1007 1734 1038 P.
1752 1007 1791 1039 P.
1808 1007 1971 1039 informet
1986 1016 2091 1048 super
2109 1008 2275 1048 petitione
2289 1017 2322 1040 n.
2341 1017 2374 1040 v.

759 1064 904 1097 Arnaldi
921 1064 961 1095 de
985 1063 1101 1100 Trian,
1126 1062 1199 1094 d.ni
1214 1062 1318 1093 castri
1336 1062 1377 1093 de
1396 1061 1564 1102 Lagarda,
1587 1070 1658 1092 suae
1678 1061 1741 1098 di.,
1766 1061 1826 1101 qui
1849 1061 2008 1102 exposuit
2026 1061 2119 1102 quod
2141 1060 2283 1100 dudum,
2297 1070 2375 1094 cum

758 1119 898 1159 quidam
923 1117 1116 1158 presbyter,
1135 1116 1272 1148 nomine
1296 1115 1508 1151 Tresdecim,
1533 1115 1675 1156 ejusque
1692 1114 1851 1151 clericus,
1875 1115 2014 1147 nomine
2038 1115 2374 1155 Quatuordecim,de

758 1173 848 1204 dicto
868 1174 992 1207 castro,
1003 1174 1071 1211 ‘pro
1089 1170 1291 1202 celebrando
1307 1169 1450 1201 missam
1466 1169 1508 1200 ad
1525 1168 1664 1209 paroch.
1675 1168 1756 1200 eccl.
1774 1177 1801 1200 s.
1811 1168 1951 1201 Martini
1965 1169 2064 1201 dictae
2078 1169 2139 1206 di.,
2154 1178 2215 1210 per
2225 1169 2375 1202 mediam

757 1227 888 1257 leucam
916 1234 935 1256 a
954 1225 1044 1256 dicto
1069 1226 1181 1256 castro
1198 1224 1398 1260 distantem,
1421 1223 1632 1260 accederent,
1650 1231 1712 1263 per
1729 1222 1897 1263 quosdam
1919 1221 2080 1254 inimicos
2097 1231 2218 1255 eorum
2233 1223 2324 1264 capti
2340 1224 2374 1256 et

757 1281 799 1311 ad
822 1279 994 1319 quoddam
1012 1287 1134 1309 nemus
1157 1278 1198 1309 de
1223 1277 1405 1313 Grezinha,
1425 1277 1534 1317 ejusd.
1563 1277 1624 1314 di.,
1643 1276 1737 1307 ducti
1761 1277 1794 1308 et
1813 1276 1943 1308 ibidem
1966 1275 2140 1308 interfecti
2157 1276 2308 1309 fuerunt.
2322 1277 2374 1310 De

757 1342 902 1374 quorum
927 1334 1036 1364 morte
1063 1332 1204 1372 quidam
1228 1331 1359 1362 domini
1376 1331 1458 1362 dicti
1478 1330 1582 1362 castri
1606 1330 1757 1362 accusati
1782 1332 1816 1362 et
1842 1330 1967 1369 exinde
1989 1330 2218 1369 condemnati,
2243 1330 2374 1363 dictum

756 1389 906 1419 castrum
928 1395 989 1427 per
1006 1394 1123 1426 epum
1148 1385 1286 1417 Albien.
1306 1384 1488 1416 interdicto
1505 1384 1736 1424 suppositum,
1756 1385 1790 1415 et
1805 1383 1999 1424 singulares
2021 1391 2114 1424 pers.
2138 1383 2373 1416 excommuni-

756 1444 838 1472 catae
855 1441 1005 1475 fuerunt,
1024 1439 1205 1479 dictusque
1220 1446 1320 1478 ep.us
1335 1438 1515 1469 ecclesiam
1533 1437 1616 1469 dicti
1631 1437 1734 1469 castri
1749 1437 1938 1477 campanis,
1952 1436 2066 1474 libris,
2083 1436 2231 1468 arnesiis
2248 1436 2324 1469 suis
2339 1437 2373 1470 et

755 1495 858 1527 rebus
877 1494 984 1525 sacris
1002 1492 1142 1524 omnino
1161 1492 1304 1532 spoliari
1328 1491 1420 1529 fecit,
1440 1493 1579 1532 propter
1601 1491 1692 1532 quod
1706 1491 1838 1522 dictum
1860 1492 2010 1522 castrum
2027 1490 2194 1523 remansit
2212 1490 2373 1532 gentihus

755 1549 930 1580 desertum
955 1549 988 1579 et
1010 1546 1210 1587 hujusmodi
1230 1545 1412 1577 interdicto
1436 1545 1655 1585 suppositum
1676 1553 1696 1575 a
1717 1545 1812 1576 tanto
1827 1545 1982 1588 tempore
1997 1544 2096 1585 cujus
2112 1544 2148 1576 in
2160 1544 2373 1577 contrarium

756 1602 920 1634 memoria
934 1601 1112 1632 hominum
1129 1609 1196 1631 non
1212 1599 1367 1631 habetur.
1385 1599 1497 1635 Quare
1515 1598 1561 1629 id.
1577 1597 1703 1630 nobilis
1718 1598 1819 1638 Papae
1837 1598 2044 1639 supplicavit
2059 1599 2098 1630 ut
2113 1598 2223 1630 dietas
2238 1598 2372 1631 senten-

754 1658 822 1688 tias
838 1656 993 1687 relaxare
1009 1655 1217 1694 dignaretur.
1238 1654 1290 1691 (A.
1312 1654 1363 1690 25,
1378 1653 1401 1683 f.
1416 1654 1455 1684 75
1468 1658 1497 1690 ⁸3
1521 1652 1557 1683 V.
1577 1654 1628 1690 81,
1644 1661 1696 1692 ep.
1716 1652 1820 1691 1667.)

798 1707 936 1745 25493.
955 1727 993 1731 -
1016 1708 1104 1749 Epo
1132 1707 1235 1738 Vicen.
1253 1707 1365 1738 mand.
1391 1707 1429 1737 ut
1444 1706 1621 1746 dispenset
1647 1705 1789 1737 Petrum
1807 1705 1907 1737 Alizo
1930 1707 1963 1737 et
1985 1706 2234 1744 Constantiam,
2256 1707 2371 1738 natam

754 1764 925 1804 quondam
943 1761 1110 1795 Bernardi
1133 1761 1261 1792 vitalis
1275 1761 1317 1792 de
1343 1760 1438 1791 Villa
1462 1759 1660 1799 Aquaelatae,
1677 1759 1797 1791 Vicen.
1819 1759 1880 1796 di.,
1897 1761 1934 1790 ut
1951 1759 1988 1790 in
2005 1760 2158 1791 matrim.
2174 1759 2372 1800 ignoranter

753 1819 924 1849 contracto
942 1824 1118 1848 remanere
1135 1815 1283 1850 valeant,
1303 1823 1369 1845 non
1391 1813 1479 1845 obst.
1495 1813 1660 1844 affinitate
1675 1813 1896 1852 proveniente
1912 1822 1956 1844 ex
1971 1822 2011 1845 eo
2028 1813 2120 1854 quod
2135 1813 2307 1854 quondam
2321 1813 2370 1846 Si-

753 1873 849 1909 bilia,
865 1871 958 1911 prior
972 1879 1060 1901 uxor
1073 1869 1156 1900 dicti
1170 1869 1278 1905 Petri,
1297 1868 1361 1899 eid.
1381 1867 1590 1899 Constantiae
1606 1867 1639 1898 in
1656 1877 1688 1898 ιν
1698 1872 1711 1888 ³
1724 1867 1947 1907 consanguin.
1961 1867 2054 1899 linea
2064 1866 2242 1899 attinebat.
2254 1867 2369 1906 (Ass.

752 1927 776 1958 f.
797 1928 836 1957 46
852 1925 880 1961 ὓς
901 1925 937 1956 V.
954 1925 1006 1962 81,
1021 1932 1074 1963 ep.
1091 1925 1198 1962 2869.)

799 1976 934 2008 25494.
952 1995 990 2000 —
1021 1976 1193 2008 Raimundo
1217 1986 1288 2016 ep.o
1312 1975 1491 2007 Cassinensi
1508 1974 1653 2006 facultas
1678 1974 1898 2006 contrahendi
1921 1975 2081 2006 mutuum
2100 1975 2179 2007 1000
2203 1974 2277 2006 ssor-
2294 1975 2370 2007 auri

753 2043 812 2075 pro
830 2033 910 2064 eccl.
930 2041 1000 2063 suae
1020 2030 1167 2071 negotiis
1179 2030 1269 2070 apud
1281 2030 1315 2061 S.
1326 2031 1366 2060 A.
1384 2029 1622 2069 expediendiS,
1637 2029 1822 2060 dummodo
1836 2029 1982 2060 ecclesia
1995 2028 2072 2069 ipsa
2089 2029 2181 2061 ultra
2190 2028 2370 2061 biennium

753 2088 901 2127 obligata
918 2094 1133 2126 nequaquam
1152 2085 1337 2115 remaneat.
1356 2083 1407 2123 (A.
1423 2084 1475 2121 24,
1493 2083 1517 2115 f.
1535 2084 1592 2114 731
1611 2087 1639 2119 ¹³3
1662 2082 1695 2112 V.
1715 2083 1765 2120 81,
1780 2091 1833 2122 ep.
1852 2082 1956 2123 1557.)
2151 2080 2153 2082 '

797 2138 932 2170 25495.
948 2157 986 2162 —
1002 2139 1124 2171 Simoni
1136 2137 1312 2169 Alexandri
1327 2137 1363 2168 de
1395 2136 1478 2167 Villa
1503 2136 1629 2174 Vitiani,
1653 2136 1770 2177 presb„
1787 2136 1897 2176 gratia
1915 2145 2010 2176 exsp.
2027 2136 2141 2168 benef.
2159 2135 2274 2168 saecul.
2291 2145 2319 2168 c.
2336 2145 2365 2169 c.

752 2196 806 2226 vel
822 2198 863 2235 (s.
882 2204 909 2225 c.
925 2196 965 2225 50
980 2194 1054 2224 flor.
1073 2192 1175 2230 auri),
1192 2192 1234 2222 ad
1250 2191 1364 2222 collat.
1385 2191 1533 2231 archipr.
1550 2191 1583 2222 et
1606 2191 1707 2230 capit.
1729 2190 1810 2221 eccl.
1828 2189 2018 2226 Perusinae,
2038 2191 2078 2223 Ο.
2094 2190 2128 2222 S.
2147 2190 2202 2228 A„
2219 2190 2257 2222 in
2272 2190 2367 2222 civit.

752 2250 805 2280 vel
822 2250 867 2279 di.
895 2247 1071 2283 Perusin.;
1099 2255 1174 2277 cum
1202 2245 1409 2285 obligatione
1435 2244 1630 2275 dimittendi
1655 2244 1875 2275 medietatem
1902 2243 1982 2275 eccl.
2000 2244 2034 2275 S.
2052 2244 2098 2276 M.
2120 2244 2161 2276 de
2179 2244 2366 2282 viridario,

752 2303 923 2338 Perusin„
944 2310 1018 2341 quae
1043 2310 1103 2340 per
1123 2310 1144 2329 ιι
1162 2299 1338 2331 consuevit
1362 2298 1441 2339 gub.
1466 2299 1627 2335 rectores,
1652 2298 1683 2329 si
1706 2297 1819 2329 benef.
1841 2307 1868 2329 c.
1888 2306 1915 2329 c.
1943 2297 2141 2330 obtinuerit.
2161 2315 2202 2321 -
2223 2298 2251 2329 Ι.
2271 2306 2301 2330 e.
2317 2306 2364 2330 m.

751 2356 827 2387 abb.
845 2356 990 2387 monast.
1003 2363 1029 2385 s.
1048 2354 1141 2385 Petri
1160 2353 1333 2389 Perusin„
1348 2354 1380 2383 et
1395 2352 1525 2384 Busolo
1539 2352 1579 2383 de
1595 2351 1732 2389 Parma,
1743 2351 1946 2389 Tornacen.,
1957 2360 1995 2383 ac
2012 2351 2158 2383 Tadhaeo
2172 2351 2213 2384 de
2228 2351 2366 2389 Parma.

750 2411 936 2441 Tornacen.
957 2409 1037 2440 eccl.
1055 2417 1128 2439 can.
1146 2407 1196 2448 (A.
1214 2409 1265 2444 25,
1285 2407 1308 2437 f.
1327 2408 1363 2438 51
1380 2412 1409 2444 ⁸3
1431 2406 1466 2437 V.
1481 2407 1531 2442 81,
1550 2414 1603 2445 ep.
1625 2405 1729 2444 1604.)

795 2460 933 2492 25496.
949 2481 987 2484 -
1006 2461 1149 2493 Conrado
1162 2461 1198 2491 de
1214 2460 1327 2491 Essene
1342 2468 1437 2499 prov.
1454 2467 1573 2490 canon.
1598 2458 1662 2490 sub
1678 2467 1775 2498 exsp.
1793 2458 1897 2498 praeb.
1919 2458 2000 2491 eccl.
2019 2458 2308 2499 osnaburgensis.
2324 2475 2366 2483 —

749 2518 775 2548 I.
792 2526 820 2547 e.
839 2526 882 2547 m.
908 2525 984 2556 ep.0
1005 2514 1277 2551 Padeburnensi‚
1295 2515 1327 2546 et
1344 2513 1420 2544 abb.
1439 2515 1585 2545 monast.
1608 2513 1643 2543 in
1659 2512 1771 2548 Huda,
1789 2513 1946 2544 Bremen.
1973 2512 2034 2551 di.,
2053 2521 2093 2544 ac
2117 2521 2205 2553 mag.
2222 2511 2365 2545 Nicolao

749 2571 789 2601 de
803 2570 948 2606 Fractis,
969 2579 1041 2600 can.
1059 2569 1249 2605 Patracen.‚
1266 2568 1332 2599 litt.
1351 2569 1461 2607 apost.
1476 2566 1670 2598 correctori.
1687 2567 1740 2605 (A.
1760 2567 1810 2604 25,
1829 2566 1853 2597 f.
1870 2567 1909 2598 57
1925 2565 1955 2603 ¹³3
1983 2565 2016 2598 V.
2033 2567 2083 2604 81,
2103 2574 2156 2606 ep.
2175 2566 2284 2607 1621.)

795 2621 929 2652 25497.
949 2640 988 2645 —
1006 2623 1094 2664 Εμο
1111 2621 1337 2657 Convenarum,
1355 2626 1383 2651 et
1401 2621 1468 2653 abb.
1483 2625 1613 2651 monast.
1631 2619 1668 2651 de
1682 2620 1828 2657 Pessano,
1847 2619 2015 2651 Auxitanae
2031 2619 2087 2658 di.,
2105 2630 2141 2650 ac
2154 2619 2316 2662 Stephano
2327 2619 2365 2652 de

747 2677 887 2714 Diosido,
905 2686 973 2707 can.
999 2675 1177 2713 Canacen„
1202 2676 1317 2707 mand.
1335 2676 1372 2706 ut
1389 2675 1548 2707 Ottonem
1563 2674 1604 2705 de
1621 2673 1819 2711 Montealto‚
1837 2674 1917 2705 cler.
1939 2673 2156 2705 Lomberien.
2179 2674 2238 2712 di.,
2254 2673 2363 2715 recipi

748 2731 871 2762 faciant
884 2731 920 2762 in
939 2730 1019 2761 eccl.
1043 2730 1221 2765 Auxitan.,
1240 2730 1278 2761 O.
1296 2729 1330 2761 S.
1346 2730 1387 2760 A.
1406 2728 1457 2769 (A.
1478 2729 1528 2766 25,
1548 2728 1571 2758 f.
1587 2729 1627 2759 50
1646 2727 1675 2764 ¹³3
1694 2727 1731 2759 V.
1747 2728 1799 2765 81,
1818 2736 1870 2768 ep.
1887 2729 1991 2767 1637.)

792 2781 931 2814 25498.
949 2801 985 2806 —-
1005 2784 1123 2814 Joannz'
1146 2783 1182 2813 de
1206 2794 1230 2814 s.
1251 2782 1391 2819 Genesio,
1408 2782 1523 2823 legum
1546 2781 1747 2822 professori,
1767 2781 1904 2813 collatio
1922 2781 2060 2821 paroch.
2078 2782 2160 2813 eccl.
2179 2791 2206 2814 s.
2226 2781 2362 2815 Nicolai

747 2839 787 2869 de
810 2847 838 2870 8.
854 2838 1009 2870 subrano
1032 2838 1208 2874 Tolosam,
1227 2838 1305 2868 ante
1322 2836 1454 2868 obitum
1476 2835 1662 2868 Raimundi
1684 2835 1851 2866 Bernardi
1864 2835 1910 2869 de
1931 2844 1958 2867 s.
1977 2835 2154 2867 Arthemia
2177 2845 2238 2876 per
2262 2836 2302 2868 P.
2318 2836 2360 2868 P.

746 2892 903 2931 disposit.
932 2900 1001 2922 suae
1028 2892 1227 2928 reservatae;
1252 2890 1383 2922 consid.
1405 2889 1586 2922 Bertrandi
1606 2889 1640 2920 S.
1660 2889 1705 2920 M.
1723 2889 1757 2920 in
1779 2889 1910 2929 Aquiro
1933 2889 2020 2921 diac.
2049 2889 2140 2921 card.
2148 2899 2158 2926 ς
2185 2898 2252 2921 non
2270 2889 2358 2922 obst.

745 2945 955 2986 prioratibus
970 2953 997 2975 s.
1018 2953 1045 2975 c.
1064 2944 1279 2975 saecularium
1296 2944 1377 2975 eccl.
1395 2944 1435 2975 de
1451 2943 1617 2975 Benassio
1635 2944 1667 2974 et
1681 2943 1721 2974 de
1737 2942 1911 2981 Perrosia,
1926 2951 2072 2984 quorum
2088 2952 2178 2974 unus
2193 2944 2360 2984 dependet

746 2999 787 3031 ab
807 2999 926 3035 altero,
948 2998 1074 3038 quique
1092 3006 1153 3029 nec
1172 2998 1264 3038 dign.
1286 3007 1347 3029 nec
1365 2998 1569 3038 personatus
1588 2996 1753 3034 existunt,
1772 2996 1993 3029 Caturcensis
2009 2997 2054 3028 di.
2074 3015 2112 3019 —
2132 2997 2158 3028 I.
2174 3006 2204 3028 e.
2220 3006 2264 3028 m.
2283 3006 2358 3038 ep.o
