2540 3496
243 433 347 461 Datum
371 427 556 462 Avenione.

285 640 322 667 24
338 639 406 673 jun.
425 638 513 667 1327.

301 688 345 714 (xi
364 684 422 711 kal.
437 683 504 719 jul.)

303 729 334 756 T.
357 729 403 760 XI,
425 728 498 756 Xlli.

365 907 399 934 Ut
413 915 436 934 8.

286 1122 327 1149 22
342 1121 410 1155 jun.
429 1120 517 1148 1327.

310 1169 339 1199 (x
360 1166 419 1194 kal.
434 1166 500 1202 jul.)

365 1550 398 1577 Ut
417 1558 438 1577 s.

366 1818 401 1846 Ut
417 1827 440 1845 s.

367 2139 400 2166 ut
419 2148 442 2165 s.

371 2354 402 2379 st
422 2363 444 2380 s.

373 2569 406 2596 [Ji
426 2577 451 2597 s.

339 2613 371 2640 T.
393 2613 475 2640 XXX.

375 2890 407 2917 Ui
428 2898 452 2918 s,

360 2934 392 2961 Τ.
411 2934 467 2961 ΧΧ.

379 2997 412 3024 [t
433 3005 456 3024 s.

620 341 795 373 JOANNIS
818 341 938 372 PAPAE
959 341 1062 373 XXII.
1087 344 1337 381 (1316-1334).
1360 361 1397 366 —
1420 342 1608 373 LITTERAE
1631 341 1859 373 COMMUNES
2192 343 2252 373 561

644 532 786 563 tationis
808 533 1046 564 auctoritatem
1061 533 1095 564 S.
1114 534 1153 565 A.
1171 534 1322 564 reservet
1342 533 1524 573 ipsumque
1546 533 1813 564 instrumentum
1838 532 1880 563 ad
1901 532 2027 563 dictam
2049 531 2170 564 sedem
2193 540 2254 571 pro

645 585 904 618 confirmatione
915 587 1137 618 transmittat.
1158 587 1209 626 (A.
1227 589 1278 624 27,
1298 586 1320 618 f.
1338 588 1396 618 451
1412 592 1439 623 a;
1465 586 1501 618 V.
1519 587 1571 624 84,
1589 595 1642 626 ep.
1659 587 1765 625 2267.)

691 635 827 668 28998.
846 658 885 663 —-
907 640 1094 681 Raymundo
1116 639 1243 677 Felicis,
1263 640 1365 681 presb.
1391 639 1568 671 Gerunden.
1591 639 1648 677 di.,
1676 640 1786 680 gratia
1809 648 1906 679 exsp.
1925 638 2038 670 benef.
2062 638 2253 670 ecclesiast.

647 691 687 731 (c.
709 701 736 723 c.
756 694 796 724 50
811 693 865 724 vel
882 694 921 725 40
937 694 960 724 l.
979 694 1016 732 t.)
1029 694 1076 724 -ad
1092 694 1160 733 ep.i
1185 694 1381 726 Gerunden.
1400 693 1662 733 dispositionem
1679 693 1819 733 pertin.;
1837 692 1949 724 benef.
1966 694 2080 724 autem
2098 693 2256 724 curatum

646 745 682 776 in
699 746 780 777 eccl.
799 755 827 777 s.
843 747 987 778 Joannis
1003 747 1043 778 de
1061 747 1194 783 Oxleto,
1210 747 1364 787 ejusdem
1378 747 1437 783 di.,
1458 747 1628 778 dimittere
1644 748 1790 778 tenetur.
1808 764 1847 769 —
1863 747 1888 777 Ι.
1907 755 1936 777 e.
1955 755 1999 777 m.
2015 746 2055 777 de
2071 745 2210 776 Amerio
2224 748 2257 777 et

646 799 687 830 de
712 800 887 831 Balneolis
912 802 1058 832 monast.
1079 800 1273 838 abbatibus,
1289 801 1482 832 Gerunden.
1505 800 1565 837 di.,
1585 801 1684 840 atque
1710 800 1837 831 archid.
1858 799 2022 839 Urgelleti
2040 800 2073 830 et
2086 799 2257 831 Vallisan-

647 853 755 884 dorrae
770 853 804 884 in
822 854 903 885 eccl.
922 854 1096 894 Urgellen.
1116 855 1168 893 (A.
1189 855 1241 892 28,
1263 854 1286 884 f.
1303 855 1360 885 381
1379 859 1406 890 ⁸5
1432 853 1466 884 V.
1485 855 1537 890 84,
1555 863 1608 893 ep.
1622 853 1729 893 3068.)

692 904 832 936 28999.
856 926 895 930 -
918 908 1147 938 Bonaventurae
1168 908 1300 944 cambii,
1318 918 1400 938 mon.
1424 912 1553 939 monast.
1572 907 1666 939 S.·M.
1691 906 1877 944 Florentin.‚
1906 906 1940 936 O.
1958 906 1994 937 S.
2013 906 2067 943 B.‚
2086 906 2257 937 indultum

646 961 695 996 ut,
713 969 778 991 non
795 961 882 992 obst.
901 962 990 1001 quod
1006 962 1042 992 in
1057 962 1287 995 adolescentia
1309 970 1371 992 sua
1387 962 1458 993 ord.
1476 962 1619 992 fratrum
1636 961 1670 992 S.
1687 961 1732 992 M.
1749 961 1790 991 de
1807 960 2063 991 Montecarmeli
2080 959 2258 999 professus

647 1014 763 1052 fuerit,
781 1015 822 1046 ad
840 1024 958 1046 omnes
982 1016 1163 1054 dignitates
1178 1015 1261 1046 dicti
1286 1017 1446 1053 monast„
1462 1016 1585 1055 proeter
1601 1014 1819 1050 abbatialem,
1839 1014 1949 1045 valeat
1971 1013 2113 1044 assumi.
2133 1013 2186 1053 (A.
2204 1014 2255 1051 28,

647 1068 672 1099 f.
690 1069 748 1100 393
764 1073 793 1106 ⁸3
815 1068 848 1100 V.
865 1070 918 1104 84,
936 1077 989 1108 ep.
1005 1070 1114 1108 3088.)

692 1119 831 1159 29000.
850 1140 889 1144 -
903 1122 1020 1153 Abbati
1034 1127 1063 1152 et
1080 1132 1164 1152 conv.
1180 1126 1313 1153 monast.
1333 1132 1358 1152 s.
1375 1122 1486 1153 Savini
1500 1122 1535 1152 de
1547 1121 1715 1157 Montione,
1734 1121 1776 1152 ad
1790 1120 1825 1152 R.
1845 1121 1888 1151 Ε.
1909 1119 1996 1151 nullo
2013 1119 2113 1150 medio
2123 1120 2258 1164 pertin„

649 1175 683 1206 O.
703 1174 737 1206 S.
755 1175 807 1214 B.‚
825 1175 935 1206 Pisan.
953 1175 1011 1214 di.,
1035 1176 1172 1207 licentia
1195 1177 1233 1207 ut
1254 1175 1408 1207 habitum
1426 1175 1495 1207 albi
1513 1175 1648 1210 coloris,
1665 1184 1766 1215 quem
1789 1176 1934 1214 gestant,
1958 1174 1994 1204 in
2013 1173 2118 1214 grisei
2135 1173 2260 1204 coloris

647 1228 802 1260 habitum
825 1230 1016 1269 regularem
1043 1231 1175 1261 mutare
1199 1230 1348 1266 valeant;
1373 1230 1499 1261 etenim
1518 1238 1595 1260 cum
1619 1230 1688 1260 tam
1711 1229 1744 1259 in
1770 1237 1831 1259 suo
1852 1229 2001 1259 monast.-
2025 1236 2128 1267 quam
2145 1227 2181 1258 iu
2199 1227 2260 1258 Ca-

648 1282 835 1314 maidulen.
856 1283 928 1314 ord.
945 1283 1014 1314 albi
1033 1283 1156 1314 coloris
1179 1284 1212 1314 et
1229 1283 1367 1314 omnino
1386 1282 1579 1314 consimilis
1599 1282 1765 1322 regularis
1780 1281 1918 1313 habitus
1937 1281 2119 1318 deferatur,
2136 1282 2260 1312 etcum

647 1336 761 1375 priore
781 1345 819 1367 ac
840 1345 936 1368 conv.
956 1337 1061 1368 eremi
1088 1337 1337 1374 camaldulen„
1361 1345 1422 1376 per
1443 1336 1594 1376 priorem
1618 1336 1712 1367 soliti
1740 1335 1831 1375 gub„
1852 1335 1982 1366 Aretin.
2008 1334 2068 1373 di.,
2092 1343 2196 1374 super
2221 1342 2260 1365 eo

648 1390 737 1429 quod
756 1390 815 1420 isti
837 1389 1036 1421 asserebant
1058 1390 1186 1421 dictum
1205 1391 1351 1421 monast.
1371 1390 1443 1421 fore
1459 1389 1541 1421 dicti
1558 1389 1792 1421 Camaldulen.
1811 1389 1898 1427 ord.,
1912 1398 1950 1420 ac
1966 1397 2079 1420 eremo
2099 1387 2260 1428 praedicto

647 1441 853 1482 subjectum,
878 1445 997 1474 exorta
1014 1443 1139 1474 fuisset
1159 1443 1303 1474 materia
1318 1443 1530 1483 quaestionis,
1553 1443 1635 1474 dicti
1657 1442 1763 1473 abbas
1788 1445 1820 1473 et
1838 1443 2025 1473 conventus
2042 1442 2199 1472 metuunt
2218 1450 2259 1472 ne

646 1496 826 1536 praemissa
838 1496 909 1536 Jam
925 1497 1037 1535 sopita
1052 1497 1195 1536 quaestio
1211 1505 1375 1536 processu
1392 1497 1559 1537 temporis
1576 1496 1772 1527 suscitetur.
1794 1496 1847 1534 (V.
1868 1497 1919 1533 83,
1940 1504 1992 1535 ep.
2014 1496 2117 1534 1984.)

693 1547 835 1580 29001.
854 1569 892 1574 —-
916 1551 1035 1582 Joarmi
1056 1561 1082 1580 3.
1102 1550 1258 1581 Theodori
1281 1550 1363 1582 diac.
1382 1550 1483 1587 card„
1502 1551 1541 1582 A.
1560 1550 1597 1581 S.
1620 1550 1732 1591 leyato,
1749 1550 1862 1580 mand.
1883 1551 1920 1580 ut
1939 1550 2040 1586 Boso,
2055 1549 2161 1580 electo
2180 1549 2262 1580 Are-

647 1604 733 1641 tino,
750 1605 901 1635 reservet
923 1613 1030 1635 unum
1052 1604 1105 1635 vel
1129 1605 1196 1636 duo
1214 1604 1325 1636 benef.
1345 1613 1373 1636 c.
1399 1613 1428 1635 c.
1448 1604 1503 1635 vel
1528 1613 1555 1635 S.
1577 1613 1603 1635 c.
1621 1605 1695 1642 (500
1716 1604 1788 1634 flor.
1808 1603 1907 1641 auri),
1924 1602 2014 1633 infra
2037 1611 2106 1633 suae
2121 1602 2263 1641 legatio-

648 1658 703 1688 nis
718 1658 883 1689 terminos
899 1667 970 1689 vac.
986 1658 1040 1689 vel
1058 1660 1178 1696 vacat„
1197 1658 1239 1689 ab
1258 1658 1332 1698 ipso
1346 1666 1414 1689 una
1431 1667 1508 1689 cum
1524 1658 1603 1689 aliis
1619 1658 1729 1689 benef.
1744 1666 1818 1697 quae
1835 1665 1924 1688 nunc
1939 1656 2069 1687 obtinet
2086 1655 2264 1687 retinenda

649 1719 827 1751 quousque
839 1711 1094 1751 possessionem
1108 1711 1276 1743 bonorum
1292 1712 1508 1752 episcopatus
1520 1711 1586 1747 sui,
1602 1720 1690 1742 nunc
1704 1711 1887 1743 aGuidone
1903 1711 1943 1742 de
1959 1710 2164 1747 PetramaIa,
2181 1709 2263 1740 olim

649 1773 726 1804 ep.o
745 1765 888 1802 Aretin.‚
907 1766 948 1796 R.
965 1766 1004 1796 E.
1023 1765 1156 1803 rebelli,
1174 1766 1402 1803 detentorum,
1421 1767 1599 1797 assecutus
1618 1765 1730 1796 ruerit.
1746 1765 1801 1805 (V.
1814 1765 1864 1801 83,
1877 1773 1930 1804 ep.
1949 1763 2052 1804 1986.)

694 1815 833 1848 29002.
851 1836 889 1841 --
906 1818 1022 1849 Abbati
1037 1822 1066 1849 et
1086 1829 1171 1850 conv.
1190 1823 1322 1851 monast.
1340 1830 1365 1850 s.
1383 1819 1527 1860 Spiritus
1542 1819 1578 1849 de
1601 1818 1768 1856 Sulmona,
1785 1818 1827 1848 ad
1850 1818 1886 1849 R.
1906 1818 1949 1848 E.
1969 1817 2056 1847 nullo
2077 1816 2177 1848 medio
2193 1826 2264 1858 per-

651 1872 720 1908 tin.‚
740 1871 774 1902 0.
793 1871 829 1903 S.
845 1872 897 1911 B.‚
921 1872 1048 1904 Valven.
1069 1872 1128 1911 di.,
1146 1873 1180 1903 in
1198 1882 1264 1913 quo
1279 1873 1378 1913 juxta
1399 1873 1649 1904 ordinationem
1666 1872 1841 1903 Benedicti
1861 1872 1960 1911 Papae
1978 1871 2028 1902 XI
2048 1872 2145 1911 pater
2159 1870 2266 1901 abbas

651 1926 798 1965 singuiis
815 1925 975 1957 trienniis
995 1928 1115 1965 sponte
1131 1926 1322 1958 cessionem
1339 1927 1435 1958 offert
1448 1927 1483 1957 in
1499 1926 1647 1966 capitulo
1664 1925 1826 1965 generali,
1844 1925 2040 1956 conceditur
2056 1925 2093 1955 ut
2108 1924 2193 1955 alter
2206 1932 2266 1963 pa-

642 1981 703 2024 ter
718 1979 823 2010 abbas
839 1979 956 2011 statim
980 1979 1120 2017 electus,
1137 1979 1321 2011 dummodo
1339 1989 1358 2011 a
1373 1980 1485 2011 tribus
1508 1980 1563 2011 vel
1584 1979 1716 2011 duabus
1737 1979 1890 2018 partibus
1909 1978 1991 2009 dicti
2008 1978 2148 2017 capituli
2168 1986 2265 2009 cano-

652 2033 727 2064 nice
745 2033 903 2073 eligatur,
916 2042 977 2073 pro
998 2042 1077 2065 vero
1091 2033 1255 2065 habeatur
1270 2033 1391 2065 abbate
1415 2035 1448 2065 et
1461 2029 1791 2064 administrationem
1811 2033 1923 2071 ipsius
1940 2034 2097 2069 monast„
2115 2040 2152 2062 ac
2166 2031 2197 2062 si
2214 2039 2266 2062 es-

653 2089 703 2118 set
718 2086 760 2117 ab
778 2086 937 2118 omnibus
956 2087 1084 2118 electus
1100 2087 1322 2125 concorditer,
1342 2087 1447 2119 libere
1466 2088 1705 2127 consequatur.
1726 2086 1778 2126 (V.
1797 2087 1848 2123 84,
1869 2094 1923 2125 ep.
1938 2085 2046 2125 2015.)

698 2137 835 2169 29003.
853 2158 893 2163 -
915 2139 1002 2180 Ep.o
1021 2140 1234 2172 cameracensi
1258 2142 1372 2172 mand.
1398 2142 1435 2172 ut
1456 2141 1633 2181 dispenset
1657 2141 1825 2172 Joannem
1850 2140 1997 2176 Pitonis,
2021 2148 2092 2170 can.
2114 2140 2261 2170 monast.

652 2204 680 2225 s.
701 2193 842 2225 Auberti
861 2195 1093 2231 Cameracen.,
1112 2194 1151 2226 Ο.
1168 2194 1201 2226 S.
1216 2195 1272 2230 A.,
1290 2194 1350 2234 qui
1366 2196 1548 2235 antequam
1564 2195 1655 2226 esset
1671 2194 1706 2225 in
1731 2194 1840 2225 sacris
1863 2193 1935 2224 ord.
1952 2193 2160 2224 constitutus
2177 2192 2265 2232 epis-

653 2248 758 2279 tolam
783 2248 819 2278 in
841 2247 1029 2278 missarum
1056 2247 1247 2285 solemniis,
1267 2248 1479 2287 manipulum
1498 2247 1612 2279 ferens
1636 2248 1672 2279 in
1694 2247 1846 2284 brachio,
1865 2247 1958 2286 legit,
1976 2246 2265 2286 irregularitatem

653 2302 833 2341 propterea
850 2301 1063 2333 incurrendo.
1091 2301 1141 2341 (V.
1154 2303 1206 2338 84,
1224 2310 1276 2341 ep.
1292 2302 1401 2341 2023.)

699 2351 837 2384 29004.
858 2372 896 2377 -
912 2354 990 2386 Abb.
1009 2359 1138 2385 monast.
1158 2355 1194 2385 de
1212 2354 1439 2396 Quadraqinta,
1457 2355 1635 2386 Narbonem.
1656 2355 1713 2393 di.,
1731 2360 1760 2385 et
1777 2354 1898 2385 archid.
1920 2353 2075 2394 Ayatlzen.
2094 2353 2207 2384 mand.
2229 2354 2267 2383 ut

653 2408 876 2448 inquisitione
899 2408 1078 2448 praemissa
1102 2409 1206 2440 citent
1222 2418 1335 2440 coram
1357 2410 1451 2448 Papa
1475 2410 1614 2440 Petrum
1638 2409 1714 2440 abl).
1732 2410 1877 2440 monast.
1901 2417 1928 2440 s.
1946 2407 2064 2439 Jacobi
2082 2407 2264 2443 Biterren„

654 2463 693 2494 Ο.
720 2462 753 2493 S.
782 2462 839 2499 A.,
861 2461 937 2493 labe
959 2462 1125 2501 simoniae,
1145 2463 1241 2494 reatu
1267 2463 1411 2502 perJurii
1436 2464 1468 2494 et
1494 2463 1747 2494 incontinentiae
1774 2462 1856 2493 vitio
1890 2457 2109 2493 maculatum.
2142 2460 2195 2500 (V.
2213 2461 2264 2497 84,

654 2525 708 2556 ep.
726 2517 834 2554 2027.)

700 2567 839 2600 29005.
858 2587 897 2592 -
914 2569 1077 2601 Guillelmo
1090 2569 1128 2600 de
1142 2569 1280 2608 Lbauzu,
1298 2570 1402 2611 priori
1413 2570 1578 2611 prioratus
1595 2569 1631 2601 de
1645 2570 1864 2606 meinkam,
1881 2575 1910 2601 et
1926 2569 2088 2602 Guillelmo
2101 2568 2266 2606 Mor-riola,

656 2624 830 2659 cellerario,
849 2634 887 2654 ac
902 2623 1079 2654 Bertramto
1096 2623 1136 2654 de
1159 2624 1245 2658 Asio,
1267 2624 1413 2664 operario
1433 2629 1563 2655 monast.
1589 2624 1756 2660 Yssz‘odori,
1778 2624 1812 2655 O.
1831 2624 1864 2656 S.
1887 2624 1940 2659 B.‚
1959 2623 2186 2655 Claromonten.
2207 2622 2265 2659 di.,

656 2677 880 2709 committitur
895 2677 1088 2708 administr.
1107 2678 1216 2717 ejusd.
1231 2678 1434 2709 monasterii
1445 2678 1626 2709 Yssiodori
1638 2687 1723 2718 quae,
1740 2678 1904 2718 Gregorio
1919 2677 2039 2708 abbate
2054 2677 2141 2707 auct.
2155 2677 2264 2715 apost.

655 2739 836 2770 suspenso,
865 2731 937 2762 ead.
958 2733 1045 2762 auct.
1073 2731 1180 2771 priori
1210 2732 1242 2762 et
1268 2731 1446 2763 cellerario
1473 2732 1646 2772 praedictis
1670 2741 1707 2763 ac
1727 2732 1851 2771 quond.
1870 2731 2007 2771 Hugoni
2032 2730 2072 2761 de
2095 2729 2265 2767 Talherio,

657 2785 763 2825 priori
783 2785 955 2824 prioratus
982 2785 1023 2816 de
1048 2785 1321 2823 Parentinhiaco‚
1339 2787 1372 2817 et
1387 2787 1512 2826 quond.
1533 2786 1633 2818 Petro
1658 2786 1793 2823 Velani,
1811 2785 1977 2825 operario,
2000 2783 2173 2815 monachis
2198 2792 2268 2814 mo-

657 2840 744 2869 nast.
762 2839 944 2877 praelibati,
962 2839 1147 2870 commissa
1161 2839 1283 2870 fuerat.
1300 2839 1353 2879 (A.
1372 2841 1444 2877 257,
1459 2840 1482 2870 f.
1497 2841 1537 2871 80
1553 2845 1581 2877 ὃς
1606 2839 1639 2869 V.
1656 2840 1707 2877 84,
1726 2848 1777 2878 ep.
1797 2840 1902 2876 2044.)

702 2887 841 2920 29006.
860 2909 897 2913 -
913 2890 1025 2921 Bisoni
1044 2900 1113 2930 ep.o
1133 2890 1285 2922 Thelesin.
1303 2891 1555 2923 testimoniales
1572 2892 1756 2922 consecrat.
1773 2892 1805 2922 et
1825 2889 1963 2921 licentia
1980 2889 2158 2920 recedendi
2181 2897 2197 2919 e
2214 2897 2269 2920 cu-

658 2943 719 2975 ria.
739 2943 792 2981 (A.
811 2945 882 2981 257,
901 2943 923 2974 f.
942 2946 978 2975 81
997 2949 1025 2980 ³5
1048 2944 1084 2976 V.
1100 2945 1151 2980 84,
1172 2953 1224 2984 ep.
1244 2946 1350 2983 2045.)

703 2994 840 3026 29007.
861 3013 895 3019 -
914 2996 1135 3028 Guilhalmono
1158 2997 1305 3035 Ιοανιηίε,
1319 3007 1392 3029 can.
1412 2998 1604 3034 Carnoten„
1629 2997 1749 3028 indult.
1770 2996 1978 3036 percipiendi
2002 2996 2134 3027 fructus
2155 2995 2266 3035 benef,

659 3059 801 3082 suorum
819 3050 862 3081 ad
885 3050 1073 3082 triennium
1096 3050 1224 3091 absque
1246 3051 1443 3088 residentia,
1466 3059 1568 3082 causa
1587 3050 1703 3082 studii.
1730 3068 1768 3073 —
1790 3051 1816 3081 Ι.
1837 3058 1866 3081 e.
1889 3058 1934 3080 m.
1960 3049 2086 3081 decano
2105 3049 2267 3090 Burgen„

368 3104 516 3132 Jofflms
535 3103 620 3131 xxii.
641 3088 674 3124 '-
692 3104 724 3131 T.
746 3104 793 3132 v1.
2093 3102 2127 3131 71
