2540 3496
0 3426 2 3446 ,ᾼ
0 3404 3 3414 v
0 3370 3 3391 v,
0 3318 7 3358 ᾖ-.
0 2980 8 3291 ..mom—w—

186 419 290 447 Datum
309 411 493 447 Avenione.

216 734 255 762 28
271 737 355 761 mart.
376 732 464 761 1326.

245 782 276 814 (v
291 778 350 807 kal.
368 779 445 814 apr.)

250 823 282 851 Τ.
300 823 347 855 XI,
361 823 434 850 xm.

304 947 341 975 Ut
357 955 382 975 s.

306 1160 341 1188 Ut
361 1169 386 1188 s.

252 1206 283 1233 Τ.
301 1205 347 1239 xl,
362 1204 434 1233 xm.

306 2019 340 2046 Ut
368 2026 395 2048 ε.

252 2064 283 2091 Τ.
303 2063 377 2097 x111,
394 2063 452 2090 XV.

308 2126 344 2154 Ut
369 2134 393 2154 a.

283 2172 313 2198 T.
336 2170 418 2198 xxx.

233 2611 272 2638 30
287 2613 370 2638 mart.
391 2608 480 2637 1326.

253 2658 297 2689 (ui
313 2654 372 2682 kal.
387 2654 463 2689 apr.)

304 2700 335 2726 T.
353 2699 412 2726 XII.

319 2770 357 2798 Ut
374 2777 399 2797 a.

305 2814 335 2842 Τ.
353 2814 409 2842 XX.

321 2982 358 3010 Ut
378 2990 402 3009 s.

310 3027 342 3054 T.
359 3027 417 3054 XX.

554 322 729 355 JOANNIS
754 323 872 354 PAPAE
894 322 997 354 XXII.
1021 322 1271 362 (1316-1834).
1294 338 1333 344 -—
1356 319 1544 350 LITTERAE
1566 318 1794 350 COMMUNES
2135 321 2194 351 137

586 526 719 555 canon„
735 519 768 549 et
790 518 826 549 in
846 526 875 549 s.
895 517 1075 549 Fortunati
1098 516 1139 548 de
1163 515 1354 548 Vendercio
1378 523 1416 546 ac
1441 523 1469 545 s.
1485 513 1624 554 Georgii
1649 514 1691 545 de
1709 513 1864 545 Bubiano
1883 514 1978 553 eccl.,
2003 514 2195 547 Terdonen.

585 571 645 608 di.,
660 571 889 603 clericatibus.
906 588 946 595 -
959 571 987 603 1.
1009 579 1038 603 e.
1058 579 1104 601 m.
1122 579 1149 601 s.
1170 567 1334 601 Marciani
1348 568 1552 605 Terdonen.,
1568 568 1643 599 ets.
1661 567 1755 599 Petri
1770 567 1811 599 de
1828 567 2030 607 Percipiano
2048 570 2196 601 monast.

586 624 678 661 abb„
705 634 744 656 ac
766 624 913 665 archipr.
942 624 1054 665 plebis
1082 624 1117 655 S.
1143 623 1188 655 M.
1214 623 1255 654 de
1284 621 1441 659 Fabrica,
1468 621 1660 653 Terdonen.
1684 620 1730 652 di.
1761 621 1814 660 (A.
1838 622 1889 658 24,
1914 620 1937 652 f.
1962 622 2024 653 503
2037 620 2067 658 ¹³5
2091 620 2126 652 V.
2143 623 2197 659 80,

586 687 639 718 ep.
657 679 746 718 989.)

632 729 769 761 24744.
785 750 824 756 -
842 731 966 763 Simoni
980 731 1017 762 de
1034 730 1182 768 Ganellis,
1197 734 1271 761 nato
1292 728 1408 770 quond.
1428 728 1532 759 oberei
1549 728 1586 759 de
1603 727 1751 766 Canellis,
1767 736 1863 768 prov.
1881 737 1999 760 canon.
2019 728 2083 760 sub
2099 737 2196 769 exsp.

586 785 690 826 praeb.
716 786 797 817 eccl.
821 785 1030 822 Terdonen.;
1047 793 1115 816 non
1132 783 1221 816 obst.
1241 783 1276 814 in
1291 782 1391 823 plebe
1408 791 1436 814 s.
1453 782 1596 814 Joaunis
1619 782 1660 814 de
1684 781 1825 813 Alberia
1841 790 1974 818 canon„
1991 783 2026 814 et
2042 782 2078 814 in
2092 790 2121 814 s.
2141 783 2198 815 Al-

586 840 674 880 perti
692 839 734 871 de
749 839 900 880 Bagnolo
915 848 952 870 ac
970 830 998 870 s.
1012 837 1165 870 Victoris
1181 836 1223 868 de
1238 836 1404 876 viqueria
1422 836 1516 873 eccl..
1534 836 1725 867 Terdonen.
1740 836 1802 874 di.,
1820 835 2052 868 clericatibus.
2076 854 2116 860 —
2128 836 2155 868 1.
2168 845 2197 869 ο.

586 901 632 925 m.
652 894 689 924 ut
705 902 732 924 s.
754 893 805 932 (Α.
825 893 876 932 24,
895 892 919 923 f.
936 893 998 924 499
1015 897 1044 929 ⁸3
1068 890 1102 922 V.
1117 892 1169 928 80,
1187 898 1240 929 ep.
1259 890 1347 928 990.)

632 943 769 976 24745.
785 965 824 971 -
848 946 1010 987 Stephano
1043 943 1199 980 Ymbardi,
1217 944 1340 975 rectori
1367 943 1503 983 paroch.
1521 943 1602 974 eccl.
1620 943 1660 974 de
1682 943 1884 979 Nontronio,
1902 944 2121 976 Lemovicen.
2138 945 2198 983 di.,

587 1000 725 1032 collatio
747 1009 866 1031 canon.
891 999 955 1030 sub
977 1007 1073 1038 exsp.
1101 996 1204 1038 praeb.
1232 996 1347 1028 saecul.
1376 997 1458 1028 eccl.
1478 997 1678 1034 Dauraten„
1694 997 1792 1028 dictae
1818 997 1864 1029 di.
1884 1015 1921 1020 —
1934 997 1963 1029 Ι.
1981 1007 2012 1029 e.
2031 1007 2076 1030 m.
2095 1007 2199 1039 praep.

587 1053 795 1086 Ahentensis
810 1052 1023 1089 monasterii,
1042 1051 1258 1083 Lemovicen.
1277 1050 1336 1087 di.,
1356 1051 1390 1081 et
1403 1050 1556 1082 Gerardo
1573 1050 1739 1090 Rotgerii,
1757 1059 1830 1082 can.
1853 1051 2052 1089 Bituricen.‚
2071 1060 2109 1083 ac
2125 1052 2200 1084 offi-

587 1107 667 1139 ciali
682 1106 899 1138 Lemovicen.
917 1105 998 1137 eccl.
1017 1105 1070 1144 (A.
1088 1106 1140 1142 24,
1156 1104 1180 1135 f.
1197 1105 1257 1136 525
1272 1108 1302 1140 ¹5
1325 1102 1359 1134 V.
1376 1104 1429 1140 80,
1445 1111 1498 1143 ep.
1516 1104 1621 1142 1008.)

633 1156 770 1189 24746.
785 1177 824 1183 -
842 1158 976 1191 Ger-aldo
1001 1158 1037 1189 de
1058 1157 1158 1195 Valle,
1174 1157 1281 1197 priori
1300 1165 1329 1188 s.
1346 1156 1509 1197 Stephani
1525 1157 1566 1187 do
1582 1157 1895 1197 Montepessulanm
1910 1158 2122 1199 Magalonen.
2140 1159 2200 1198 di.,

588 1213 783 1254 Campaniae
809 1213 1061 1252 Maritimaeque
1085 1211 1222 1247 rectori,
1251 1210 1397 1250 Neapoli
1425 1210 1661 1248 commoranti,
1694 1211 1920 1243 committitur
1945 1220 2048 1244 causa
2067 1214 2203 1245 vertens

588 1267 678 1299 iuter
698 1266 855 1299 abbatem
872 1267 905 1298 et
929 1275 1025 1298 conv.
1045 1266 1192 1297 monast.
1216 1273 1245 1296 s.
1263 1263 1441 1296 Laurentii
1465 1272 1570 1304 prope
1589 1264 1768 1300 Awrsam,
1785 1265 1826 1295 ad
1851 1265 1893 1296 R.
1910 1265 1949 1296 E.
1971 1266 2066 1298 nullo
2090 1267 2203 1299 medio

588 1321 727 1362 pertin.,
743 1320 783 1352 O.
800 1320 835 1352 S.
851 1321 904 1358 B„
922 1328 964 1352 ex
980 1328 1058 1356 una,
1077 1321 1109 1351 et
1132 1318 1320 1350 Henricum
1344 1317 1547 1349 carazolum
1562 1317 1711 1355 Violam,
1732 1317 1814 1349 cler.
1830 1318 2060 1359 Neapolitan.,
2077 1320 2137 1360 qui
2151 1328 2201 1352 ec·

588 1375 730 1407 clesiam
748 1383 775 1406 s.
793 1374 981 1406 Salvatoris
999 1381 1104 1414 prope
1124 1372 1298 1405 Scafatum
1316 1381 1344 1403 c.
1361 1380 1403 1409 c.‚
1421 1371 1545 1403 Nolan.
1562 1371 1622 1408 di.,
1641 1371 1683 1402 ad
1705 1371 1832 1404 dictum
1850 1374 1997 1404 monast.
2014 1373 2114 1413 pleno
2128 1374 2204 1413 jure

588 1429 728 1470 pertin,
753 1428 870 1468 vigore
891 1427 959 1459 litt.
978 1429 1087 1467 apost.
1105 1426 1309 1466 subreptitie
1330 1425 1544 1457 obtentarum
1567 1426 1755 1465 occupavit,
1772 1425 1929 1465 partibus
1944 1434 1986 1458 ex
2000 1427 2119 1465 altera,
2136 1427 2205 1458 ins-

589 1483 681 1515 tante
711 1482 834 1514 Saucia
859 1481 976 1522 regina
997 1480 1123 1513 Siciliae
1132 1490 1142 1517 ;
1170 1488 1238 1511 non
1266 1478 1354 1511 obst.
1375 1481 1554 1519 sequestro
1575 1479 1616 1510 de
1632 1479 1812 1519 utriusque
1840 1480 1950 1520 partis
1972 1488 2142 1512 consensu
2172 1483 2206 1513 et

591 1537 740 1568 instante
754 1545 787 1567 n.
803 1545 835 1567 v.
855 1535 977 1567 Carolo
993 1533 1221 1575 primogenito
1236 1532 1378 1565 Roberti
1393 1533 1484 1573 regis
1500 1532 1637 1570 Siciliae,
1654 1532 1738 1564 duce
1752 1532 1931 1571 Calabriae,
1947 1542 2052 1573 penes
2066 1535 2207 1575 praedic-

590 1592 665 1622 tum
680 1590 848 1621 rectorem
865 1588 1035 1629 apposito.
1050 1588 1104 1628 (Α.
1130 1588 1181 1625 24,
1205 1586 1228 1619 f.
1247 1588 1307 1619 547
1323 1592 1351 1624 ·;
1379 1586 1410 1617 V.
1427 1587 1478 1623 80,
1495 1595 1548 1627 ep.
1567 1588 1675 1626 1094.)

637 1640 776 1674 24747.
793 1659 831 1665 -
844 1641 974 1673 Nicolao
989 1641 1026 1673 de
1041 1640 1231 1672 Marzolaria
1248 1640 1361 1672 collat.
1381 1648 1499 1671 canon.
1516 1642 1549 1671 et
1567 1640 1671 1680 praeb.
1687 1640 1768 1672 eccl.
1787 1640 1982 1677 Civitaten„
2003 1643 2206 1684 Aquilegen.

591 1697 652 1734 di.,
670 1706 742 1728 vac.
762 1705 822 1736 per
838 1696 969 1728 obitum
987 1695 1078 1736 apud
1093 1695 1126 1727 S.
1146 1694 1188 1726 A.
1206 1694 1302 1726 Petri
1322 1703 1350 1725 s.
1369 1694 1493 1734 Angeli
1510 1694 1596 1725 diac.
1613 1694 1716 1730 card.‚
1731 1688 1830 1734 cujus
1852 1694 1963 1726 benef.
1982 1695 2078 1735 Papa
2094 1696 2209 1737 dispo·

593 1751 650 1782 sit.
671 1759 741 1782 suae
761 1750 1012 1785 reservaverat;
1031 1757 1099 1780 non
1115 1748 1204 1780 obst.
1221 1748 1313 1788 quod
1331 1747 1542 1788 archipresb.
1567 1747 1678 1787 plebis
1694 1747 1734 1779 de
1750 1748 1923 1786 Bonden0‚
1939 1749 2132 1781 Ferrarien.
2147 1750 2207 1788 di.,

593 1806 627 1836 et
640 1813 760 1836 canon.
781 1803 862 1835 eccl.
880 1804 1027 1835 Parmen
1055 1802 1120 1834 sub
1136 1810 1234 1842 exsp.
1251 1801 1356 1842 praeb.
1374 1801 1537 1839 obtineat,
1552 1810 1590 1832 ac
1606 1801 1755 1841 primum
1770 1801 1882 1834 benef.
1902 1811 1930 1833 s.
1949 1811 1977 1834 c.
1993 1803 2027 1834 in
2045 1803 2137 1835 civit.
2154 1803 2209 1835 vel

594 1859 640 1890 di.
667 1858 828 1889 Parmen.
847 1858 1045 1888 vacaturum
1069 1856 1254 1896 exspectet.
1269 1873 1309 1879 —
1324 1855 1351 1887 1.
1371 1864 1401 1886 e.
1419 1864 1465 1886 m.
1491 1855 1684 1895 baptisterii
1710 1864 1738 1886 s.
1755 1855 1898 1887 Joaunis
1922 1856 2094 1894 Parmem,
2119 1857 2209 1889 etde

593 1913 754 1949 somma,
769 1911 927 1942 Parmen.
943 1910 1002 1947 di.,
1015 1919 1133 1951 praep,
1151 1918 1189 1941 ac
1205 1909 1330 1941 Bosolo
1347 1909 1388 1940 de
1402 1909 1535 1944 Parma,
1553 1917 1626 1940 can.
1645 1909 1834 1940 Tornacen.
1846 1910 1926 1941 eccl.
1940 1910 1993 1950 (A.
2004 1912 2056 1946 24,
2071 1910 2094 1941 f.
2110 1912 2170 1943 613
2180 1916 2208 1949 ⁸;

600 1966 636 1998 V.
651 1966 701 2001 80,
715 1973 768 2005 ep.
782 1965 886 2003 1263.)

642 2015 778 2048 24748.
798 2036 837 2041 -
860 2017 973 2049 Eidem
990 2017 1127 2049 collatio
1150 2025 1270 2048 canon.
1290 2018 1324 2048 et
1341 2016 1444 2056 praeb.
1467 2016 1547 2047 eccl.
1566 2016 1771 2056 Aquilegen.
1790 2019 1826 2048 ut
1842 2025 1870 2048 s.
1888 2025 1960 2048 vac.
1968 2026 1978 2054 3
1993 2019 2113 2049 caetera
2127 2020 2164 2051 ut
2180 2027 2208 2049 s.

597 2074 649 2111 (A.
669 2074 720 2110 24,
743 2072 766 2103 f.
783 2074 843 2104 613
859 2070 887 2108 ῦς
912 2071 947 2102 V.
970 2072 1020 2108 eo,
1040 2079 1092 2111 ep.
1111 2071 1216 2107 1264.)

642 2122 780 2156 24749.
802 2143 840 2148 --
864 2124 984 2165 Anyelo
1009 2123 1181 2165 Dalpkino,
1203 2133 1305 2165 praep.
1332 2123 1557 2160 Ravennatem,
1585 2129 1613 2154 et
1637 2123 1841 2155 Constantino
1866 2123 2061 2162 Lauredano,
2078 2124 2212 2166 plebano

594 2179 696 2221 plebis
714 2190 737 2210 s.
754 2179 863 2210 Leonis
879 2178 917 2208 de
945 2178 1087 2215 Venefiis,
1104 2176 1273 2209 Castellan.
1293 2176 1351 2212 di.,
1373 2187 1410 2207 ac
1431 2187 1514 2217 may.
1534 2176 1622 2207 Gotio
1639 2177 1676 2207 de
1693 2177 1850 2215 Arimino,
1867 2188 1934 2209 can.
1957 2178 2115 2218 praediclae
2139 2178 2210 2210 eccl.

596 2233 824 2270 Ravennatem,
841 2231 955 2263 mand.
975 2233 1013 2262 ut
1037 2230 1174 2262 Marcho
1190 2229 1393 2262 Fuscharini
1411 2230 1452 2261 de
1476 2230 1632 2262 Venetiis
1657 2231 1833 2262 conferant
1857 2230 2078 2270 plebanatum
2102 2232 2214 2271 plebis

598 2295 625 2319 s.
645 2286 745 2318 Pauli
764 2286 804 2317 de
821 2285 989 2320 Venetiis,
1009 2284 1194 2316 Castellan.
1217 2284 1277 2319 di.,
1296 2283 1386 2324 (quae
1404 2284 1523 2324 colleg.
1543 2286 1576 2315 et
1601 2284 1636 2315 in
1656 2284 1886 2324 patriarchatu
1903 2285 2050 2316 Graden.
2068 2286 2213 2325 existit),

598 2340 687 2380 apud
704 2340 738 2371 S.
755 2342 796 2371 A.
815 2339 942 2379 praevia
953 2338 1105 2379 generali
1121 2339 1286 2369 reservat.
1308 2345 1368 2377 per
1384 2337 1474 2368 Ρ.Ρ.
1493 2337 1581 2368 facta
1598 2338 1639 2369 de
1657 2338 1818 2369 omnibus
1834 2339 1914 2370 eccl.
1934 2339 2054 2379 colleg.
2074 2339 2108 2370 in
2125 2340 2215 2370 dicto

598 2393 832 2434 patriarchatu
859 2391 1129 2423 consistentibus
1157 2400 1218 2431 per
1246 2390 1379 2422 obitum
1401 2390 1496 2422 Petri
1519 2391 1700 2422 Fuscarini
1733 2393 1927 2428 vacantem;
1960 2395 2093 2424 cassata
2118 2393 2215 2432 prius

599 2447 765 2479 electione
785 2446 937 2486 ejusdem
955 2445 1084 2477 Marchi
1111 2453 1172 2485 per
1191 2444 1292 2484 capit.
1310 2444 1507 2484 ignoranter
1524 2444 1691 2476 celebrata
1699 2454 1708 2482 ;
1726 2454 1792 2476 non
1821 2445 1907 2477 obst.
1929 2446 1963 2476 in
1979 2446 2163 2478 Castellan.
2184 2449 2216 2478 et

600 2510 628 2532 s.
646 2501 784 2533 Martini
805 2500 846 2531 de
872 2499 1041 2535 Venetiis,
1058 2499 1156 2530 dictae
1181 2498 1241 2533 di.,
1261 2506 1381 2529 canon.
1399 2499 1432 2529 et
1453 2497 1571 2537 praeb.,
1594 2507 1632 2529 ac
1650 2499 1685 2529 in
1715 2507 1742 2529 s.
1767 2499 2006 2530 Bartholomaei
2024 2500 2214 2533 Tridentin.

600 2555 681 2586 eccl.
698 2554 845 2594 quodam
863 2553 977 2585 benef.
996 2562 1023 2583 s.
1042 2562 1070 2583 c.
1090 2552 1142 2589 (A.
1159 2553 1209 2588 24,
1228 2552 1250 2583 f.
1267 2553 1328 2584 695
1344 2557 1373 2589 ⁸3
1400 2551 1431 2583 V.
1445 2553 1497 2587 80,
1515 2560 1567 2592 ep.
1588 2553 1692 2590 1467.)

646 2605 787 2637 24750.
805 2624 843 2630 ——
867 2606 983 2638 Joannl
1007 2616 1076 2647 epo
1096 2605 1238 2636 Theatin.
1263 2605 1516 2637 testimoniales
1544 2607 1732 2637 consecrat.
1752 2606 1819 2646 ipsi
1848 2615 1909 2646 per
1936 2607 2076 2638 Petrum
2102 2616 2216 2647 ep.um

603 2661 853 2693 Praenestinum
871 2661 1034 2700 impensae
1051 2661 1084 2691 et
1099 2659 1238 2690 licentia
1256 2659 1434 2690 recedendi
1449 2667 1466 2690 e
1484 2659 1588 2690 curia.
1606 2660 1659 2699 (Α.
1677 2661 1728 2698 24,
1748 2659 1771 2690 f.
1787 2661 1846 2691 497
1863 2659 1893 2698 ι’;
1917 2660 1949 2690 V.
1968 2661 2020 2698 80,
2040 2670 2092 2700 ep.
2111 2661 2218 2700 1002.)

649 2766 791 2799 24751.
808 2785 847 2791 -
871 2767 958 2809 Ep.o
980 2767 1148 2798 Tridentin.
1170 2766 1285 2797 mand.
1302 2767 1339 2797 ut
1361 2765 1538 2805 dispenset
1560 2766 1752 2797 Conradum
1775 2768 1893 2797 natum
1912 2775 1943 2796 n.
1965 2776 1996 2797 v.
2014 2767 2154 2798 Henrici
2177 2768 2217 2799 de

605 2822 747 2860 Lobers,
763 2822 929 2853 scolarem
947 2830 1017 2852 suae
1033 2821 1093 2856 di.,
1111 2828 1216 2859 super
1229 2820 1363 2851 defectu
1379 2819 1545 2850 natalium
1562 2828 1662 2859 quem
1676 2820 1816 2859 patitur,
1832 2828 1907 2850 cum
1923 2820 1968 2850 sit
1983 2820 2023 2851 de
2040 2821 2218 2861 conjugato

605 2876 741 2916 genitus
771 2877 804 2906 et
831 2875 954 2911 soluta,
978 2874 1019 2905 ad
1038 2882 1156 2905 omnes
1186 2873 1324 2905 ordines
1344 2875 1377 2904 et
1403 2872 1606 2904 beneficium
1633 2873 1735 2904 etiam
1763 2881 1790 2903 c.
1808 2882 1836 2903 c.
1866 2873 2070 2912 recipienda.
2098 2874 2149 2913 (A.
2167 2876 2218 2912 24,

608 2929 631 2960 f.
648 2931 709 2961 569
724 2928 754 2966 ὓς
777 2929 814 2960 V.
828 2930 880 2966 80,
896 2937 948 2967 ep.
963 2929 1069 2966 1154.)

654 2979 791 3011 24752.
810 3000 847 3005 —
868 2981 955 3022 Ep.o
977 2980 1141 3012 Bria-ineu.
1160 2979 1274 3011 mand.
1290 2981 1328 3010 ut
1351 2979 1526 3019 dispenset
1541 2979 1727 3010 Henricum
1749 2979 1876 3010 dictum
1894 2979 2058 3012 Smurner
2074 2983 2106 3013 et
2130 2983 2221 3014 Mar-

609 3036 761 3074 garetam
781 3035 822 3065 de
836 3034 1040 3074 Insprrukk,
1059 3042 1129 3065 suae
1145 3033 1205 3070 di.,
1226 3033 1300 3072 eJ'us
1316 3041 1470 3067 uxorem.
1490 3034 1526 3063 ut
1544 3033 1578 3063 in
1600 3031 1750 3063 matrim.
1766 3031 1838 3071 jam
1852 3034 2023 3065 contracto
2044 3043 2221 3070 remanere

320 3089 468 3116 JOANMS
489 3090 575 3117 xxii.
595 3105 629 3110 —
648 3089 678 3116 T.
700 3089 747 3116 VI.
2046 3088 2080 3116 18
