2540 3496
307 310 370 342 ⁴28

338 399 444 427 Datum
466 392 650 427 Avenione.

375 711 417 739 23
430 711 497 745 jan.
518 709 606 738 1327.

397 757 428 790 (x
442 753 503 782 kal.
518 753 589 784 feb.)

411 800 443 828 T.
459 800 493 834 X,
510 799 570 827 XII.

447 978 484 1006 Ut
498 987 524 1007 s.

361 1021 394 1051 T.
409 1022 491 1058 XXX,
507 1023 615 1051 XXXII.

368 1407 410 1436 24
424 1408 490 1443 jan.
514 1409 604 1439 1327.

376 1454 420 1490 (1x
438 1454 499 1483 kal.
518 1454 590 1490 feb.)

406 1499 438 1528 T.
454 1499 488 1534 X,
505 1499 565 1528 XII.

446 1571 483 1599 Ut
504 1581 529 1600 s.

383 1615 417 1647 T.
436 1616 495 1652 XII,
515 1617 585 1646 XIV.

437 1892 474 1921 Ut
497 1901 521 1922 s.

409 1938 440 1966 Τ.
457 1938 554 1967 XXVI.

438 2215 475 2243 Ut
496 2224 521 2245 s,

432 2645 469 2673 Ut
490 2654 513 2674 s.

347 2690 379 2719 T.
395 2691 477 2725 XXX,
493 2691 602 2720 XXXII.

430 2860 467 2888 Ut
486 2868 510 2888 ε.

379 2904 410 2932 T.
428 2905 475 2938 XI,
493 2905 565 2932 XIII.

705 305 879 338 JOANNIS
903 303 1022 335 PAPAE
1043 302 1146 334 XXII.
1170 300 1420 342 (1316-1334).
1443 318 1483 323 —
1505 300 1692 331 LITTERAE
1715 299 1942 342 COMMUNES

739 494 941 529 rectoribus,
960 493 1099 531 curatis,
1116 491 1364 529 sacerdotibus,
1379 491 1520 523 vicariis
1538 491 1804 532 parochialibus,
1824 500 1862 523 ac
1880 492 2014 525 clericis
2037 494 2108 526 tam
2133 495 2348 535 regularibus

739 556 839 588 quam
858 546 1080 578 saecularibus
1098 546 1251 577 earumd.
1264 545 1357 577 civit.
1370 547 1402 576 et
1413 545 1474 582 di.,
1488 547 1604 577 contra
1615 545 1893 583 praedicatorum,
1906 546 2090 583 Minorum‚
2102 548 2345 588 Eremitarum,

737 602 770 632 S.
790 600 974 640 Augustini
990 602 1022 630 et
1033 599 1296 630 carmelitarum
1313 599 1385 630 ord.
1403 599 1540 636 fratres,
1559 599 1601 630 ad
1617 598 1867 631 observandum
1882 600 2086 632 decretalem
2101 610 2118 632 «
2132 600 2237 643 Super
2245 602 2350 634 caelae-

738 653 828 684 dram
845 663 874 685 ».
893 653 943 691 (A.
958 655 1009 690 26,
1027 653 1049 683 f.
1069 654 1125 684 183
1143 651 1236 689 ³;·V.
1255 653 1306 690 83,
1325 661 1380 692 ep.
1399 653 1480 684 1039
1496 653 1549 692 Β.)
1696 687 1699 689 ,

783 700 920 737 27650.
937 724 975 730 —-
994 705 1140 737 Michaeli
1153 705 1239 747 Lupi
1255 706 1365 745 gratia
1378 715 1475 746 exsp.
1492 706 1661 746 portionis
1675 714 1752 737 cum
1766 707 2011 746 praestimoniis
2028 708 2060 739 et
2072 709 2347 748 praestimoniali·

737 760 802 792 bus
818 760 1032 800 portionibus
1048 760 1129 791 eccl.
1147 760 1363 800 Cartaginen.
1373 769 1382 796 ;
1397 768 1464 791 non
1479 759 1566 791 obst.
1581 759 1718 800 paroch.
1733 760 1815 791 eccl.
1833 769 1862 791 s.
1877 761 2021 792 Joannis
2038 761 2078 793 de
2091 761 2199 793 Lorca
2215 764 2249 794 et
2264 771 2346 803 quo-

737 815 814 846 dam
834 814 1066 854 praestimonio
1082 814 1117 845 in
1140 814 1221 845 eccl.
1250 822 1278 844 s.
1306 814 1451 845 Andreae
1469 814 1510 845 de
1534 814 1729 851 Feriozosa,
1749 813 1965 854 Cartaginen.
1995 816 2029 847 et
2058 815 2227 847 conchen.
2245 816 2292 848 di.
2310 832 2348 839 —

735 869 762 900 I.
785 878 815 900 e.
833 878 880 900 m.
899 867 976 899 abb.
997 868 1038 899 de
1056 868 1257 899 Frenunzea
1272 868 1432 907 Burgen„
1455 869 1488 899 et
1515 867 1642 899 archid.
1667 876 1707 898 ac
1725 867 1861 899 scolast.
1882 868 2095 909 Cartaginen.
2121 870 2201 901 eccl.
2221 870 2273 909 (Α.
2294 871 2347 907 26,

735 922 760 954 f.
777 924 834 954 621
850 927 883 959 ⁸;
906 921 943 953 V.
960 923 1011 957 83,
1030 931 1082 961 ep.
1103 922 1208 960 1043.)

779 977 790 988 ·
818 973 952 1005 27651.
971 992 1010 997 -
1028 975 1081 1007 Ad
1097 975 1239 1015 futuram
1255 975 1301 1005 rei
1317 975 1509 1006 memoriam.
1525 975 1689 1007 Cassatur
1705 983 1888 1015 processus
1899 976 1946 1007 ad
1962 976 2160 1009 instantiam
2179 979 2348 1010 rectorum

734 1030 870 1071 paroch.
887 1029 1110 1061 ecclesiarum
1127 1031 1159 1060 et
1176 1029 1384 1068 capellarum
1399 1029 1492 1060 civit.
1513 1029 1545 1060 et
1562 1028 1805 1060 suburbiorum
1821 1029 2046 1069 Burdegalen.
2066 1033 2184 1063 contra
2199 1032 2348 1071 priorem

734 1084 1000 1116 Praedicatorum
1019 1085 1051 1114 et
1068 1082 1295 1123 guardianum
1311 1083 1349 1114 F.
1369 1083 1414 1114 Μ.
1437 1082 1546 1122 eJ'usd.
1572 1082 1665 1114 civit.
1685 1082 1872 1114 fabricatus
1891 1082 1933 1114 ab
1949 1083 2088 1115 officiali
2105 1084 2346 1125 Burdogalen„

736 1138 794 1178 qui
813 1137 985 1177 praedictis
1000 1136 1166 1167 fratribus
1182 1136 1291 1167 vetuit
1305 1144 1346 1167 ne
1363 1135 1431 1175 ipsi
1449 1135 1684 1167 confessiones
1702 1136 1985 1175 parochianorum
1999 1137 2168 1169 dictarum
2185 1138 2347 1170 ecclesia·

734 1200 810 1223 rum
828 1200 870 1222 ex
886 1193 965 1222 tunc
980 1192 1013 1222 et
1028 1199 1171 1230 corpora
1190 1190 1345 1230 ipsorum
1366 1189 1408 1220 ad
1427 1189 1615 1221 ecclesiast.
1635 1190 1847 1229 sepulturam
1865 1190 2085 1222 admitterent
2100 1191 2229 1231 absque
2244 1192 2348 1224 licen-

734 1245 783 1276 tia
800 1245 1040 1285 praedictorum
1057 1245 1239 1280 rectorum,
1261 1245 1293 1275 et
1310 1252 1352 1275 ne
1369 1244 1458 1283 apud
1477 1243 1572 1283 ipsos
1588 1243 1642 1275 vel
1661 1252 1780 1274 eorum
1797 1243 1960 1275 ecclesias
1982 1244 2155 1284 quispiam
2172 1245 2347 1286 propriam

735 1299 875 1340 eligeret
890 1299 1113 1339 sepulturam.
1132 1316 1172 1321 -
1186 1298 1212 1331 I.
1231 1307 1259 1330 e.
1280 1307 1326 1329 1n.
1344 1297 1484 1329 officiali
1501 1297 1724 1337 Burdegalen.
1744 1297 1798 1338 (A.
1814 1299 1867 1336 27,
1890 1298 1913 1329 f.
1937 1300 1977 1330 23
1993 1303 2022 1337 *ς
2047 1298 2082 1330 V.
2098 1300 2151 1336 83,
2175 1308 2229 1340 ep.
2248 1301 2346 1339 110'13

734 1353 853 1390 Eubel,
868 1352 1048 1384 Bullarium
1062 1352 1319 1389 Franciscanum,
1339 1353 1363 1383 t.
1388 1352 1429 1387 V,
1447 1361 1480 1392 p.
1496 1353 1568 1388 315,
1585 1360 1617 1383 n.
1636 1353 1725 1390 643.)

780 1404 915 1436 27652.
935 1423 973 1428 -
991 1406 1160 1447 Gumperto
1179 1406 1260 1437 dicto
1279 1406 1388 1447 Mor-pe
1404 1414 1500 1445 prov.
1518 1414 1636 1437 canon.
1662 1405 1725 1436 sub
1744 1414 1842 1446 exsp.
1865 1405 1970 1445 praeb.
1989 1406 2070 1438 eccl.
2090 1407 2265 1446 Werden„
2284 1408 2347 1440 Co·

734 1461 862 1492 lonien.
879 1461 924 1492 di.
942 1479 979 1483 —
998 1461 1026 1491 I.
1042 1469 1070 1491 e.
1084 1469 1130 1491 m.
1146 1460 1313 1492 Xancten.
1332 1461 1364 1491 et
1381 1459 1569 1491 Essenden.
1590 1459 1671 1490 eccl.
1689 1459 1837 1497 decanis,
1857 1459 2034 1492 Colonien.
2052 1460 2113 1498 di.,
2131 1470 2168 1492 ac
2186 1470 2274 1502 mag.
2290 1462 2346 1494 Ja-

734 1515 817 1547 cobo
833 1515 874 1546 de
894 1515 1038 1550 Mutina,
1059 1523 1133 1545 can.
1151 1514 1381 1551 Cameracen.‚
1398 1514 1500 1553 Papae
1519 1522 1592 1553 cap.
1611 1514 1664 1554 (Α.
1681 1515 1732 1552 26,
1750 1513 1773 1544 f.
1789 1514 1846 1544 481
1862 1513 1892 1550 ¹³3
1917 1513 1950 1544 V.
1966 1515 2018 1549 82,
2037 1523 2090 1554 ep.
2108 1515 2194 1554 788.)

779 1566 919 1599 27653.
937 1585 975 1590 -
992 1568 1110 1599 Joannz'
1129 1567 1166 1598 dc
1186 1568 1402 1608 Virnembury,
1421 1568 1523 1607 Papae
1540 1576 1628 1607 cap„
1648 1576 1721 1598 can.
1739 1567 1928 1605 Colonien.,
1953 1568 2077 1600 indult.
2103 1570 2141 1600 ut
2168 1569 2204 1600 in
2230 1569 2347 1610 aliqua

733 1623 827 1660 eccl„
850 1623 886 1653 in
908 1622 1033 1662 quibus
1054 1622 1275 1653 beneficiatus
1302 1622 1432 1658 existit,
1450 1621 1676 1657 immorando,
1699 1622 1756 1652 aut
1779 1621 1891 1652 studio
1911 1621 2104 1653 litterarum
2127 1623 2162 1654 in
2185 1623 2260 1654 loco
2285 1622 2347 1655 ubi

733 1677 820 1708 illud
836 1677 948 1717 vigeat
969 1676 1126 1716 generale
1153 1676 1346 1713 residendo,
1369 1675 1442 1706 sive
1469 1675 1645 1707 Colonien.
1672 1674 1753 1706 eccl.
1782 1674 1959 1715 obsequiis
1980 1675 2183 1714 insistendo,
2214 1676 2345 1709 fructus

733 1731 886 1762 omnium
903 1730 1015 1761 benef.
1034 1738 1174 1761 suorum
1193 1729 1324 1770 integre
1342 1728 1509 1768 percipiat
1527 1729 1568 1759 ad
1585 1729 1785 1760 triennium.
1802 1746 1842 1751 —
1858 1729 1885 1759 1.
1903 1737 1932 1760 e.
1953 1737 1999 1760 m.
2016 1738 2044 1760 s.
2065 1729 2296 1767 Pantaleonis‚
2316 1739 2346 1762 s.

731 1784 870 1816 Martini
886 1783 1061 1815 Colonien.
1079 1792 1117 1814 ac
1131 1783 1298 1819 Tuicien.,
1311 1782 1486 1814 Colonien.
1502 1782 1561 1819 di.,
1578 1782 1723 1813 monast.
1741 1781 1934 1813 abbatibus
1951 1782 2003 1822 (A.
2020 1784 2071 1822 26,
2088 1782 2184 1814 f.515
2196 1782 2226 1821 ὃς
2247 1783 2281 1815 V.
2292 1784 2345 1822 82,

732 1846 786 1877 ep.
801 1839 888 1875 856.)

776 1888 915 1921 27654.
934 1908 973 1913 —
988 1890 1125 1921 Henrico
1142 1889 1303 1931 archiep.o
1323 1889 1501 1921 Coloniensi
1519 1889 1619 1920 facul.
1638 1889 1844 1920 concedendi
1864 1889 1996 1921 duabus
2021 1899 2126 1930 pers,
2144 1892 2346 1932 consangui-

730 1944 805 1975 neis
822 1944 906 1982 suiS,
925 1944 1099 1975 canonicis
1114 1944 1290 1975 Colonien.
1309 1944 1341 1974 et
1359 1944 1513 1975 Bunnen.
1534 1943 1628 1980 eccl„
1651 1951 1721 1974 suae
1736 1942 1796 1980 di.,
1814 1944 1863 1980 ut,
1893 1943 1923 1974 si
1943 1943 2036 1975 easd.
2059 1952 2150 1984 pers.
2172 1945 2346 1986 contingat

730 1998 862 2029 assumi
881 1998 922 2029 ad
939 1998 1122 2038 dignitates
1139 1998 1175 2028 in
1187 1997 1266 2028 aliis
1280 1997 1375 2035 eccl.,
1394 1997 1528 2037 possint
1542 1996 1667 2028 habere
1683 2004 1801 2028 vocem
1816 1996 1852 2027 in
1871 1996 2021 2036 capitulo
2039 1999 2073 2029 et
2087 1997 2219 2030 fructus
2238 1998 2344 2038 praeb.

730 2061 883 2090 suarum,
904 2052 1058 2092 ipsarum
1074 2052 1155 2085 eccl.
1175 2051 1352 2083 Colonien.
1371 2052 1403 2082 et
1418 2052 1585 2088 Bunnen.,
1606 2050 1794 2090 percipere,
1812 2059 1880 2082 non
1897 2050 1984 2083 obst.
2002 2051 2150 2091 quodam
2166 2053 2294 2084 statuto
2309 2052 2346 2085 in

730 2107 940 2138 contrarium
958 2105 1061 2137 edito.
1078 2105 1133 2145 (A.
1155 2107 1205 2142 26,
1225 2105 1247 2138 f.
1265 2106 1324 2136 517
1341 2104 1355 2126 ¹³
1366 2115 1375 2142 ;
1406 2105 1442 2137 V.
1469 2106 1519 2141 82,
1539 2114 1591 2145 ep.
1610 2105 1669 2136 857
1677 2115 1686 2142 ;
1707 2104 1895 2135 Sauerland
1919 2104 2140 2146 (Bheinlande)
2153 2107 2176 2137 t.
2194 2106 2239 2146 11,
2257 2115 2291 2148 p.
2309 2108 2342 2146 5,

729 2170 761 2192 n.
785 2160 889 2198 1118.)

774 2211 914 2243 27655.
932 2232 969 2237 -
987 2213 1108 2245 Joanm·
1121 2213 1157 2244 de
1180 2213 1397 2252 Virnembum,
1420 2213 1522 2253 Papae
1539 2221 1627 2252 cap„
1647 2211 1818 2244 absolutio
1843 2211 1884 2243 ab
1903 2212 2120 2245 inhabilitate
2148 2222 2190 2245 ex
2210 2222 2250 2246 eo
2266 2222 2344 2246 con·

727 2269 835 2299 tracta
849 2268 930 2307 quia
953 2267 1035 2299 olim
1059 2267 1235 2299 Colonien.
1259 2268 1292 2299 et
1318 2267 1473 2298 Bunnen.
1505 2267 1658 2298 existens
1684 2275 1772 2304 can.‚
1800 2266 2062 2306 praeposituram
2082 2267 2226 2308 Carpen.
2247 2268 2342 2307 eccl„

728 2321 903 2353 Colonien.
921 2321 980 2358 di.,
999 2331 1027 2352 0.
1046 2331 1088 2359 0.,
1109 2331 1146 2353 ac
1165 2322 1200 2352 in
1216 2321 1297 2352 eccl.
1317 2330 1345 2351 s.
1364 2321 1496 2352 Florini
1514 2321 1551 2352 in
1568 2320 1782 2352 Confluentia
1796 2319 2031 2351 canonicatum
2047 2322 2080 2352 et
2094 2321 2212 2360 praeb„
2230 2330 2268 2353 ac
2285 2330 2342 2362 pa-

727 2375 817 2406 roch.
839 2375 921 2407 eccl.
940 2376 981 2406 de
997 2376 1106 2412 Cisse,
1126 2377 1158 2406 et
1176 2375 1211 2406 in
1227 2375 1436 2415 Hugarden.‚
1453 2375 1636 2406 Treveren.
1656 2375 1689 2405 et
1705 2374 1866 2405 Leodien.
1885 2373 1945 2412 di.,
1963 2383 2082 2405 canon.
2100 2376 2133 2406 et
2147 2375 2267 2414 praeb.‚
2285 2385 2341 2408 su-

726 2438 787 2469 per
801 2438 867 2469 qua
882 2429 1006 2469 litigat,
1026 2438 1155 2460 necnon
1171 2429 1206 2460 in
1223 2429 1296 2460 ead.
1313 2429 1490 2460 Colonien.
1508 2428 1589 2459 eccl.
1604 2427 1841 2467 capellaniam,
1859 2437 1934 2468 quae
1947 2429 2038 2468 dign.
2055 2429 2185 2466 existit,
2205 2430 2238 2460 et
2254 2438 2344 2470 quoe-

726 2483 804 2514 dam
825 2483 1060 2523 praestimonia
1083 2483 1277 2514 successive
1294 2483 1422 2522 recepit
1441 2484 1473 2513 et
1489 2482 1632 2513 insimul
1651 2482 1725 2512 sine
1741 2481 1894 2521 dispens.
1914 2483 2023 2514 tenuit
2040 2491 2107 2514 non
2131 2491 2168 2514 se
2183 2483 2339 2516 faciendo

725 2537 856 2568 ratione
881 2537 979 2568 dictae
1004 2537 1139 2576 paroch.
1166 2537 1247 2568 eccl.
1281 2537 1317 2568 in
1342 2536 1454 2576 presb.
1482 2536 1687 2576 promoveri.
1713 2535 1766 2574 (A.
1792 2537 1843 2571 26,
1871 2536 1894 2566 f.
1921 2537 1982 2567 518
2000 2541 2028 2574 ⁸3
2057 2536 2093 2568 V.
2113 2538 2164 2574 82,
2184 2545 2236 2577 ep.
2255 2538 2339 2574 858;

725 2591 923 2627 Sauerland,
943 2595 1028 2628 uta,
1045 2600 1078 2630 p.
1098 2593 1127 2628 7,
1146 2599 1178 2621 n.
1200 2592 1305 2630 1122.)

769 2641 908 2674 27656.
929 2662 966 2667 -—
985 2643 1099 2674 Eidem
1117 2653 1209 2675 conc.
1229 2646 1266 2675 ut
1292 2644 1488 2684 supradicta
1507 2643 1619 2674 benef.
1638 2652 1707 2674 una
1725 2651 1802 2674 cum
1821 2644 2045 2684 praepositura
2069 2644 2150 2676 0001.
2169 2644 2339 2676 Xancten-

713 2698 785 2736 sis,
803 2698 977 2729 Colonien.
998 2697 1057 2735 di.,
1079 2697 1120 2728 de
1140 2706 1208 2737 qua
1223 2698 1323 2729 hodie
1340 2697 1549 2737 providetur,
1570 2705 1678 2737 usque
1694 2697 1736 2728 ad
1752 2697 1786 2728 S.
1808 2698 1850 2728 A.
1874 2697 2127 2737 beneplacitum
2146 2698 2238 2730 licite
2257 2698 2338 2730 reti·

723 2761 803 2783 nere
820 2752 944 2783 valeat.
963 2769 1002 2774 --
1019 2752 1045 2783 Ι.
1064 2760 1094 2782 e.
1111 2760 1155 2782 m.
1172 2760 1200 2781 s.
1218 2751 1437 2782 Pantaleonis
1453 2751 1629 2783 Colonien.
1650 2752 1683 2782 et
1702 2751 1743 2782 de
1771 2751 1874 2790 Lacu,
1901 2752 2082 2783 Treveren.
2103 2752 2164 2788 di.,
2189 2753 2337 2784 monast.

722 2805 915 2844 abbatibus,
936 2814 973 2836 ac
988 2814 1091 2845 praep.
1111 2805 1193 2836 0001.
1211 2813 1238 2835 s.
1257 2804 1413 2836 Severini
1428 2804 1603 2836 Colonien.
1629 2805 1680 2842 (A.
1705 2805 1758 2842 26,
1778 2804 1801 2835 f.
1822 2806 1882 2836 518
1899 2810 1928 2842 a;
1951 2804 1984 2836 V.
2005 2806 2056 2842 82,
2076 2813 2129 2845 ep.
2147 2806 2234 2844 859.)

767 2857 903 2888 27657.
921 2876 959 2881 -
975 2859 1060 2899 May.
1079 2858 1212 2890 Bellano
1229 2858 1267 2889 de
1281 2858 1446 2889 Damianis
1469 2867 1563 2898 prov.
1587 2867 1706 2890 canon.
1728 2857 1793 2889 sub
1806 2866 1902 2898 exsp.
1924 2858 2026 2898 praeb.
2052 2859 2132 2890 eccl.
2152 2859 2336 2898 Cumanae3

720 2922 788 2945 non
804 2913 893 2944 obst.
910 2913 1000 2953 quod
1015 2913 1050 2943 in
1067 2912 1148 2944 eccl.
1167 2912 1351 2944 Novarien.
1369 2912 1405 2943 in
1420 2921 1493 2943 can.
1511 2912 1557 2943 sit
1571 2913 1741 2952 receptus,
1760 2915 1793 2943 et
1808 2913 1848 2944 de
1868 2912 1971 2951 praeb.
1988 2912 2100 2952 ipsius
2120 2913 2200 2944 eccl.
2217 2913 2253 2944 in
2268 2913 2337 2946 Ro-

720 2976 821 2999 mana
835 2968 929 2998 curia
944 2966 1064 3006 litiget.
1079 2983 1118 2989 —-
1136 2967 1164 2998 1.
1183 2975 1211 2998 e.
1230 2975 1275 2997 m.
1291 2974 1367 3006 ep.o
1381 2966 1606 3001 Vercellensi‚
1623 2975 1728 3006 praep.
1743 2965 1777 2997 S.
1795 2966 1842 2998 M.
1859 2974 1965 3006 prope
1981 2966 2176 3005 Novariam,
2191 2968 2224 2998 et
2239 2966 2335 2999 Guil-

719 3021 822 3052 lelmo
838 3021 879 3052 de
894 3020 1064 3058 Pusterla,
1077 3029 1150 3052 can.
1168 3020 1436 3052 Mediolanensis
1448 3019 1543 3057 eccl„
1559 3020 1660 3060 Papae
1676 3019 1818 3060 cap-(A.
1833 3021 1883 3057 26,
1900 3019 1924 3052 f.
1940 3021 1999 3052 525
2012 3019 2045 3056 ¹’;
2064 3019 2098 3051 V.
2109 3021 2160 3059 82,
2175 3028 2227 3060 ep.
2245 3021 2333 3060 876.)
