2540 3496
357 331 414 362 104

390 422 492 449 Datum
512 415 692 449 Avenione.

500 486 579 493 „—

433 682 468 710 {5
484 680 538 716 feb.
559 678 647 706 1326.

422 732 472 761 (xv
488 723 546 752 kal.
561 722 660 753 mart.)

458 770 488 796 T.
509 769 541 802 L,
559 767 616 795 Lu.

500 943 535 970 Ut
551 950 575 969 s.

487 987 517 1014 T.
537 985 590 1013 CL.

500 1639 535 1667 Ut
551 1647 574 1666 s.

484 1683 514 1710 Τ.
537 1683 592 1710 ΧΧ.

499 1904 536 1932 Ut
552 1912 576 1932 s.

477 1950 507 1976 T.
528 1948 598 1977 11¹⁸.

496 2225 530 2252 Ut
556 2234 580 2252 s

470 2270 500 2298 Τ.
522 2270 602 2298 XXX.

498 2815 532 2843 Ut
549 2824 575 2844 s.

423 2861 471 2889 Gr.
494 2869 544 2895 pro
563 2861 650 2890 socio.

745 320 920 354 JOANNIS
944 318 1061 350 PAPAE
1083 316 1188 349 XXII.
1213 314 1463 354 (1316-1834).
1487 328 1527 334 —
1548 309 1735 340 LITTERAE
1758 308 1985 340 COMMUNES

783 514 850 554 (cui
866 512 1027 553 praesatus
1047 510 1219 550 prioratus
1234 515 1261 537 s.
1278 505 1422 537 Joannis
1446 505 1499 535 est
1522 503 1720 534 immediate
1744 501 1945 543 subjectus),
1962 502 1996 534 et
2011 501 2096 534 eisd.
2114 501 2206 533 card.
2225 503 2258 533 et
2270 501 2393 533 Joauni

782 568 891 598 dictos
907 564 1078 605 prioratus
1087 562 1187 602 juxta
1201 558 1490 600 permutationem
1505 556 1714 593 conferendi,
1731 565 1769 587 ac
1784 564 1862 587 cum
1874 555 1948 587 eod.
1967 555 2059 587 card.
2078 563 2182 595 super
2197 554 2395 595 pluralitate

783 619 895 652 benef.
912 615 1142 657 dispensandi.
1161 614 1215 654 (A.
1231 614 1283 650 24,
1303 612 1326 643 f.
1344 613 1405 644 398
1421 617 1450 648 ⁸;
1474 611 1511 643 V.
1530 611 1582 647 80,
1602 619 1655 650 ep.
1672 609 1759 650 718.)

828 668 963 701 24404.
982 688 1018 693 -
1032 669 1162 700 Joarmae
1174 666 1288 707 reqinae
1301 665 1419 696 relictae
1434 664 1472 696 cl.
1490 674 1547 694 me.
1563 663 1710 705 Philippi
1726 663 1763 694 R.
1782 662 1818 695 F.
1837 667 1865 694 et
1887 662 1927 694 N.
1945 662 2044 694 viduae
2061 662 2183 694 indult.
2199 663 2237 694 ut
2251 670 2298 694 xv
2313 662 2394 694 cler.

782 726 835 756 sui
852 722 1031 756 domestici
1047 724 1080 753 et
1094 720 1216 755 famil„
1232 719 1307 751 suis
1322 718 1499 759 obsequiis
1515 717 1729 755 insistentes,
1750 712 1883 749 fructus
1897 717 2052 748 omnium
2066 715 2179 748 benef.
2196 725 2337 748 suorum
2354 715 2396 747 ad

782 776 1054 818 quinquennium
1069 774 1198 813 absque
1211 772 1398 804 residentia
1414 772 1545 812 integre
1561 771 1763 812 percipiant.
1781 788 1820 793 —
1834 770 1860 802 I.
1881 779 1910 802 e.
1928 779 1975 802 m.
1993 779 2021 802 s.
2042 769 2206 802 Germani
2222 770 2263 802 de
2281 769 2395 802 Pratis

777 831 876 871 Juxta
900 828 1057 861 Parisius
1077 829 1110 859 et
1135 836 1163 858 s.
1188 825 1371 859 Genovefae
1397 827 1543 857 monast.
1568 824 1658 863 abb.,
1686 834 1725 856 ac
1752 825 1879 856 decano
1907 823 1989 856 eccl.
2013 823 2236 856 Parisiensis.
2266 823 2319 861 (A.
2343 824 2394 860 24,

781 884 804 915 f.
823 884 883 915 400
899 888 927 919 ⁸3
950 882 981 913 V.
1000 882 1051 918 80,
1066 889 1119 921 ep.
1133 879 1221 920 721.)

826 933 965 966 24405.
982 952 1020 958 -
1045 934 1091 965 De
1104 934 1182 966 Javo
1198 938 1227 964 el
1244 943 1268 964 s.
1285 933 1419 964 Martini
1442 932 1635 974 Caniqonen.
1660 936 1791 963 monast.
1806 931 1889 970 abb.,
1906 930 2023 963 Elnen.
2048 930 2106 968 di.,
2125 930 2239 963 mand.
2266 932 2303 962 ut
2319 930 2395 963 Gri-

783 990 944 1022 maudum
961 988 1118 1020 abbatem
1142 996 1170 1018 s.
1190 986 1368 1019 Michaelis
1386 987 1426 1018 de
1445 986 1612 1024 Cussano,
1629 987 1672 1018 ad
1692 987 1736 1018 R.
1751 986 1791 1017 E.
1810 985 1906 1017 nullo
1921 985 2033 1017 medio
2049 985 2187 1026 pertin,
2202 986 2236 1016 et
2251 984 2396 1016 Bernar-

780 1044 861 1075 dum
887 1043 1036 1083 priorem
1052 1041 1086 1073 S.
1103 1041 1148 1073 M.
1164 1041 1205 1072 de
1229 1039 1446 1078 Corneliano,
1473 1049 1532 1080 per
1554 1040 1706 1080 priorem
1727 1039 1822 1071 soliti
1845 1038 1940 1080 gub„
1963 1039 2130 1071 Joannem
2153 1047 2258 1079 praep.
2285 1038 2394 1078 ejusd.

781 1097 816 1129 S.
832 1098 876 1129 M.
896 1095 1197 1131 monasteriorum,
1215 1094 1253 1126 Ο.
1273 1094 1306 1125 S.
1321 1094 1361 1126 B.
1380 1096 1412 1126 et
1429 1095 1463 1126 S.
1482 1095 1536 1132 A.,
1555 1103 1593 1125 ac
1615 1093 1850 1126 Raimundum
1871 1093 2022 1133 priorem
2041 1092 2213 1133 prioratus
2229 1101 2257 1123 s.
2276 1091 2396 1124 Jacobi

781 1150 821 1182 de
837 1149 1075 1187 CasalonibuS,
1102 1147 1211 1188 eJusd.
1230 1148 1269 1180 O.
1294 1148 1328 1180 S.
1349 1148 1402 1183 B.‚
1419 1147 1540 1179 Elnen.
1561 1148 1621 1185 di.,
1647 1155 1735 1188 quos
1757 1156 1825 1178 una
1846 1155 1924 1178 cum
1940 1145 2118 1178 monachis
2140 1147 2174 1178 et
2190 1154 2281 1186 pers.
2302 1145 2394 1184 aliis,

781 1204 871 1235 dicto
887 1204 1033 1235 monast.
1052 1211 1080 1233 s.
1098 1201 1277 1233 Michaelis
1291 1200 1468 1241 subjectis,
1485 1209 1583 1241 ep.us
1597 1201 1718 1232 Elnen.
1735 1209 1778 1232 ex
1794 1209 1834 1232 eo
1853 1199 1944 1241 quod
1957 1199 2159 1231 dicebantur
2176 1199 2396 1231 interdictum

780 1266 841 1298 per
863 1256 1099 1292 Guillelmum,
1117 1264 1206 1286 nunc
1226 1255 1476 1292 Convenarum,
1499 1256 1580 1286 tunc
1593 1255 1770 1292 vasaten„
1790 1256 1823 1286 et
1838 1253 2084 1292 Raimundum,
2103 1245 2269 1294 Agathen.
2287 1261 2395 1294 eppe,

780 1312 822 1343 A.
841 1311 875 1342 S.
890 1310 1041 1347 nuntios,
1057 1309 1091 1340 in
1105 1309 1198 1340 civit.
1212 1310 1245 1340 et
1260 1309 1306 1340 di.
1325 1309 1447 1340 Elnen.
1467 1310 1555 1340 auct.
1571 1309 1681 1348 apost.
1701 1308 1953 1348 promulgatum
1966 1307 2130 1345 violasse,
2144 1309 2177 1339 et
2191 1307 2396 1339 sententiam

781 1373 911 1396 excom.
930 1373 990 1404 per
1016 1363 1110 1395 eosd.
1126 1363 1268 1394 nuntios
1293 1364 1411 1394 contra
1429 1362 1666 1394 inobedientes
1690 1362 1852 1402 Philippo
1879 1362 1919 1393 de
1938 1361 2124 1402 Maj0ricis‚
2145 1361 2296 1393 thesaur.
2313 1361 2395 1393 eccl.

781 1419 966 1455 Turonen.,
977 1417 1083 1449 tutori
1096 1416 1215 1448 Jacobi
1228 1417 1320 1456 regis
1336 1416 1589 1457 Maj0ricarum,
1606 1416 1776 1456 prolatam
1795 1415 1996 1454 incurrisse,
2010 1414 2325 1447 excommunicatos
2337 1423 2398 1455 pu·

781 1471 868 1503 blice
893 1471 1064 1502 nuntiavit
1087 1473 1120 1502 et
1136 1470 1298 1502 nunciare
1317 1470 1409 1506 fecit,
1433 1470 1613 1502 absolvant
1629 1469 1671 1501 ab
1696 1469 1893 1510 hujusmodi
1915 1469 2085 1501 sententia
2109 1477 2255 1506 excom..
2272 1469 2398 1501 etcum

782 1526 832 1557 eis
854 1526 1029 1565 dispenset
1047 1533 1150 1565 super
1174 1524 1427 1564 irregularitate
1453 1525 1483 1555 si
1502 1533 1618 1564 quam,
1635 1524 1685 1555 sic
1700 1523 1810 1564 ligati,
1825 1523 1942 1555 divina
1966 1523 2168 1555 celebrando
2184 1522 2239 1554 vel
2254 1522 2340 1555 eisd.
2360 1531 2397 1554 se

782 1579 966 1620 ingerendo
981 1578 1224 1610 contraxerint.
1243 1578 1295 1617 (A.
1312 1579 1363 1614 24,
1385 1578 1408 1609 f.
1425 1580 1486 1610 426
1501 1583 1530 1616 ⁸;
1553 1577 1590 1609 V.
1605 1579 1656 1616 80,
1675 1587 1728 1618 ep.
1745 1578 1830 1618 776.)

829 1629 966 1661 24406.
989 1651 1027 1655 -
1048 1631 1190 1672 officiali
1205 1630 1364 1662 AE'duensi
1382 1631 1608 1663 committitur
1625 1633 1663 1663 ut
1688 1631 1778 1671 quod
1792 1631 1929 1671 justum
1949 1630 2054 1662 fuerit
2069 1630 2229 1663 decernat
2243 1629 2279 1661 in
2297 1638 2400 1661 causa

782 1687 871 1718 inter
886 1687 1051 1718 Joannem
1070 1687 1237 1717 rectorem
1253 1685 1334 1717 eccl.
1353 1694 1381 1716 s.
1397 1685 1544 1717 Firmini
1560 1685 1595 1716 in
1612 1686 1733 1723 Bosco,
1750 1685 1918 1717 Senonen.
1938 1685 2000 1722 di.,
2017 1683 2178 1725 supplic.,
2199 1685 2233 1716 et
2247 1684 2398 1724 priorem

783 1740 956 1780 prioratus
972 1740 1013 1771 de
1029 1741 1141 1771 castro
1159 1739 1338 1775 Rainardi,
1355 1739 1395 1772 O.
1410 1739 1442 1771 S.
1454 1740 1508 1776 A.,
1521 1739 1631 1779 ejusd.
1645 1739 1705 1777 di.,
1724 1748 1829 1779 super
1848 1739 1995 1779 quadam
2013 1738 2203 1779 quantitate
2219 1737 2311 1770 bladi
2322 1746 2398 1770 ver-

782 1795 885 1832 tente,
906 1795 938 1825 et
953 1794 1025 1834 jam
1043 1802 1157 1825 coram
1181 1793 1322 1824 officiali
1337 1793 1538 1830 Senonensi,
1555 1793 1727 1834 Stephano
1742 1793 1783 1824 de
1803 1792 1988 1824 Novavilla
2004 1801 2077 1824 can.
2095 1792 2278 1830 Parisien.,
2297 1792 2330 1823 et
2345 1800 2396 1823 ar-

782 1848 913 1888 chiep.0
929 1848 1095 1879 Senonen.
1118 1848 1178 1879 diu
1193 1847 1370 1879 ventilata.
1390 1847 1442 1886 (A.
1463 1849 1514 1885 24,
1530 1847 1553 1878 f.
1571 1848 1632 1880 430
1645 1852 1673 1884 Ι,
1698 1846 1727 1878 V.
1745 1848 1795 1884 80,
1813 1855 1866 1887 ep.
1883 1848 1970 1886 800.)

826 1899 966 1932 24407.
990 1921 1027 1924 -
1047 1902 1168 1940 Petrus,
1188 1911 1262 1933 can.
1280 1903 1428 1933 monast.
1453 1901 1715 1942 Cumbaelongae,
1742 1902 2042 1933 Praemonstraten.
2060 1901 2146 1939 ord.‚
2167 1901 2395 1933 Conseranen.

782 1956 840 1992 di.,
856 1956 893 1987 fit
909 1956 1013 1987 abbas
1027 1956 1180 1996 ejusdem
1192 1957 1340 1987 monast.
1357 1956 1511 1987 vacantis
1525 1965 1585 1996 per
1601 1955 1731 1987 obitum
1745 1955 1765 1986 J
1769 1954 1864 1987 acobi
1872 1965 1881 1993 ;
1896 1956 2051 1987 cassatur
2066 1955 2164 1995 prius
2177 1955 2297 1986 electio
2311 1954 2398 1995 ejus-

782 2010 859 2041 dem
873 2010 966 2041 Petri
983 2019 1043 2049 per
1059 2019 1156 2041 conv.
1171 2009 1342 2041 celebrata
1359 2011 1392 2041 et
1403 2018 1422 2040 a
1437 2010 1545 2042 Vitali
1563 2009 1639 2041 abb.
1657 2011 1804 2041 monast.
1826 2009 1991 2045 Casaedei,
2008 2008 2119 2049 ejusd.
2137 2009 2223 2044 ord.‚
2234 2009 2397 2041 Auxitan.

782 2064 842 2100 di.,
863 2064 905 2095 ad
929 2073 1030 2104 quem
1057 2062 1254 2103 huJusmo'di
1272 2063 1450 2095 electionis
1476 2063 1691 2095 confirmatio
1713 2063 1873 2103 pertinet,
1898 2063 2111 2101 confirmata,
2131 2065 2210 2103 post
2225 2064 2259 2094 et
2282 2063 2400 2095 contra

782 2118 966 2158 specialem
982 2119 1143 2149 reservat.
1162 2126 1222 2157 per
1237 2117 1276 2148 P.
1299 2118 1336 2148 P.
1357 2117 1482 2149 factam
1498 2117 1538 2149 de
1557 2117 1647 2149 dicto
1661 2118 1807 2149 monast.
1826 2135 1865 2139 —
1881 2117 1907 2148 Ι.
1927 2126 1955 2149 e.
1972 2126 2018 2148 m.
2035 2117 2143 2157 priori
2160 2117 2192 2148 et
2207 2125 2305 2148 conv.
2317 2116 2400 2148 dicti

781 2172 982 2202 monasterii
996 2171 1256 2212 Cumbaelongae.
1275 2171 1328 2211 (A.
1343 2173 1394 2209 24,
1411 2171 1434 2202 f.
1451 2174 1512 2204 466
1529 2177 1557 2209 ΙΙ;
1582 2171 1618 2203 V.
1632 2173 1683 2209 80,
1701 2180 1753 2211 ep.
1772 2173 1860 2211 841.)

828 2222 964 2255 24408.
983 2243 1022 2248 —-
1041 2226 1133 2256 Petro
1149 2225 1186 2256 de
1203 2224 1296 2263 Pinu,
1316 2235 1390 2257 can.
1405 2227 1554 2258 monast.
1571 2225 1830 2266 Combaelongae,
1849 2226 2151 2257 Praemonstraten.
2171 2225 2257 2261 ord.‚
2274 2225 2399 2256 Conse-

780 2288 896 2310 ranen.
915 2280 960 2310 di.
975 2297 1014 2303 —
1027 2280 1177 2311 Vacante
1193 2279 1283 2311 dicto
1298 2280 1444 2311 monast.
1463 2288 1523 2319 per
1540 2279 1674 2311 obitum
1687 2279 1818 2316 Jacobi,
1832 2280 1926 2319 Papa
1940 2279 2051 2320 ipsius
2066 2279 2298 2319 provisionem
2309 2279 2342 2311 S.
2356 2281 2397 2311 A.

781 2333 971 2365 reservavit
979 2344 988 2371 3
1013 2334 1074 2364 sed
1098 2342 1193 2365 conv.
1210 2334 1323 2365 eumd.
1342 2334 1482 2365 Petrum
1508 2333 1543 2365 in
1560 2333 1651 2371 abb.,
1669 2333 1787 2365 forsan
1808 2333 2054 2365 reservationis
2071 2333 2194 2374 ignari,
2213 2333 2399 2373 elegerunt,

782 2389 815 2418 et
836 2387 1032 2427 hujusmodi
1055 2387 1256 2419 electionem
1279 2387 1384 2419 abbas
1403 2389 1550 2420 monast.
1572 2387 1736 2425 Casaedei,
1755 2387 1838 2419 dicti
1856 2387 1942 2424 ord.‚
1965 2387 2129 2418 Auxitan.
2153 2387 2214 2425 di.,
2234 2388 2336 2426 prout
2358 2386 2401 2419 ad

782 2441 897 2481 ipsum
914 2441 1071 2481 pertinet,
1090 2441 1305 2472 confirmavit
1312 2451 1321 2478 ;
1342 2450 1428 2481 quas
1442 2442 1581 2482 quidem
1597 2441 1799 2473 electionem
1817 2443 1849 2473 et
1866 2441 2159 2473 confirmationem
2177 2441 2271 2482 Papa
2288 2449 2400 2473 cassa-

783 2495 844 2531 vit,
862 2496 894 2525 et
910 2504 986 2526 cum
1002 2495 1042 2526 de
1059 2495 1254 2534 provisione
1270 2495 1310 2526 de
1326 2495 1428 2526 Petro
1442 2495 1509 2526 eid.
1529 2496 1677 2527 monast.
1695 2495 1850 2526 facienda
1866 2503 1926 2535 per
1943 2495 1977 2527 S.
2001 2496 2043 2527 A.
2063 2496 2232 2535 ageretur,
2249 2494 2318 2535 ipsi
2335 2494 2400 2526 ruit

783 2556 896 2579 coram
913 2548 1006 2588 Papa
1021 2548 1163 2588 perJurii
1180 2550 1297 2580 reatus
1313 2548 1477 2589 objectus,
1495 2549 1591 2589 cujus
1610 2549 1763 2589 obJectus
1780 2549 1961 2589 inquisitio
1977 2544 2080 2580 Petro
2096 2557 2172 2589 ep.o
2187 2548 2400 2580 Praenestino

782 2602 814 2632 et
832 2602 1021 2633 Bertrando
1035 2603 1068 2634 S.
1086 2602 1131 2633 M.
1150 2602 1185 2633 in
1203 2603 1334 2643 Aquiro
1351 2602 1438 2633 diac.
1455 2603 1548 2634 card.
1567 2603 1753 2634 commissa
1770 2602 1846 2634 fuit.
1865 2602 1959 2642 Papa
1972 2604 2086 2634 autem
2105 2603 2183 2642 post
2196 2602 2400 2634 relationem

783 2656 935 2687 eorumd.
958 2657 1025 2696 ep.i
1044 2658 1077 2688 et
1097 2656 1187 2687 card.
1206 2665 1244 2688 ac
1260 2657 1470 2688 assertiones
1491 2665 1524 2687 1v
1549 2665 1623 2688 can.
1643 2657 1725 2688 dicti
1743 2657 1888 2688 monast.
1910 2656 2091 2696 praefatum
2106 2657 2247 2688 Petrum
2263 2665 2282 2688 a
2302 2657 2399 2688 reatu

782 2709 894 2749 ipsius
918 2710 1072 2750 perjurii,
1096 2710 1126 2741 si
1147 2710 1234 2741 illud
1259 2710 1375 2742 forsan
1397 2710 1555 2745 incurrit,
1576 2711 1618 2741 ad
1642 2711 1810 2742 cautelam
1837 2710 2000 2747 absolvit3
2023 2719 2139 2742 secum
2159 2710 2336 2750 dispensat
2351 2710 2400 2751 ip-

783 2772 927 2803 sumque
951 2772 1053 2804 super
1068 2764 1130 2795 hoc
1146 2764 1316 2796 habilitat.
1333 2765 1387 2804 (A.
1405 2766 1455 2800 24,
1478 2764 1502 2795 f.
1519 2764 1681 2802 444⁸;V.
1700 2766 1751 2801 80,
1770 2773 1824 2805 ep.
1839 2764 1928 2805 842.)

830 2813 965 2846 24409.
983 2836 1021 2840 -
1039 2818 1123 2858 May.
1142 2817 1319 2859 Maqalocto
1343 2818 1540 2856 Tantobenis‚
1566 2827 1639 2850 ean.
1662 2819 1802 2856 Pisano,
1826 2819 1926 2859 Papae
1947 2818 2119 2859 scriptori,
2148 2818 2270 2850 indult.
2295 2819 2345 2855 ut,
2363 2818 2399 2850 in

782 2870 937 2902 Romana
954 2871 1049 2902 curia
1062 2872 1195 2903 ratione
1213 2872 1268 2904 off.
1287 2872 1477 2912 scriptoriae
1491 2873 1524 2904 S.
1541 2873 1582 2904 A.
1602 2872 1778 2913 obsequiis
1796 2872 1999 2911 insistendo,
2017 2872 2149 2904 fructus
2172 2872 2325 2904 omnium
2343 2871 2400 2904 be·

783 2923 850 2954 nef.
872 2933 1012 2956 suorum
1031 2925 1163 2966 integre
1174 2926 1352 2966 percipiat.
1369 2944 1408 2949 —
1424 2927 1451 2957 I.
1473 2935 1502 2957 e.
1525 2935 1571 2958 m.
1591 2926 1764 2966 arehiep.o
1781 2926 2033 2964 Ebredunensi‚
2054 2927 2087 2958 et
2101 2935 2205 2967 praep.
2224 2926 2397 2962 Parmen,

783 2985 821 3007 ac
835 2977 962 3009 archid.
978 2979 1153 3011 Vivarien.
1172 2980 1254 3011 eccl.
1270 2980 1325 3020 (A.
1347 2982 1398 3018 24,
1417 2980 1439 3013 f.
1459 2982 1520 3013 465
1535 2980 1565 3019 b;
1585 2980 1620 3013 V.
1641 2982 1692 3018 80,
1708 2989 1761 3021 ep.
1779 2980 1868 3020 887.)
