2540 3496
223 420 327 447 Datum
343 412 526 450 Avenione.

262 627 298 655 24
318 625 377 653 deo.
398 623 488 652 1326.

217 680 219 683 ¹
265 671 321 707 (xxx
335 669 395 698 kal.
408 669 484 706 jan.)

309 715 340 743 T.
358 714 439 742 XXX.

334 786 372 814 Ut
390 795 414 814 s.

305 832 336 860 T.
353 831 447 860 XXIV.

336 1001 372 1029 Ut
389 1010 412 1029 s.

281 1047 312 1075 Τ.
333 1046 379 1080 XI,
399 1045 470 1073 XIII.

337 1215 373 1244 Ut
389 1223 413 1243 s,

278 1261 309 1289 Τ.
326 1260 385 1294 xll,
400 1259 471 1287 XIV.

337 1483 372 1510 Ut
389 1490 413 1509 s.

282 1527 313 1555 T.
333 1528 392 1562 XII,
407 1527 477 1555 XIV.

334 1590 371 1618 Ut
390 1597 414 1617 s.

277 1635 310 1663 T.
328 1635 389 1669 XII,
403 1634 475 1662 XIV.

337 1697 374 1724 Ut
395 1705 419 1724 s.

285 1742 316 1770 T.
330 1742 376 1776 XI,
393 1741 464 1769 XIII.

332 1909 368 1937 Ut
394 1917 418 1936 s.

320 1954 352 1982 T.
366 1953 438 1982 XVI.

334 2015 370 2043 Ut
391 2024 415 2043 s.

314 2060 346 2088 Τ.
365 2060 436 2087 XVI.

341 2123 378 2151 Ut
395 2131 419 2151 s.

277 2167 309 2196 T.
329 2167 388 2201 XII,
403 2166 473 2195 XIV.

340 2283 376 2311 Ut
393 2291 431 2311 sc

316 2327 349 2356 T.
371 2327 441 2355 XVI.

335 2390 372 2418 Ut
392 2398 416 2417 s.

317 2435 348 2462 T.
367 2434 437 2462 XVI.

333 2550 370 2579 Ut
395 2559 420 2579 u.

325 2595 356 2623 T.
377 2596 434 2623 XX.

340 2765 375 2793 Ut
395 2773 419 2793 s.

287 2809 318 2837 T.
336 2809 382 2844 XI,
399 2810 471 2838 XIII.

343 2977 379 3006 Ut
396 2986 420 3006 s,

285 3022 316 3050 T.
337 3022 384 3057 XI,
405 3023 479 3053 XIII.

581 328 756 359 JOANNIS
780 328 898 358 PAPAE
920 329 1021 358 XXII.
1047 331 1294 368 (1316-1334).
1319 350 1356 354 ——
1379 332 1564 363 LITTERAE
1586 334 1810 366 COMMUNES
2152 341 2212 372 399

619 519 655 550 in
670 519 824 550 absentia
841 519 876 550 in
899 520 984 551 locis
1007 521 1131 560 quibus
1154 522 1266 561 pisces
1281 531 1347 554 non
1373 524 1615 563 reperirentur,
1639 534 1703 556 non
1719 526 1805 557 obst.
1822 527 1912 566 quod
1930 528 1969 559 de
1985 528 2101 560 ordine
2117 530 2155 561 F.
2174 530 2210 561 P.

619 572 779 603 existant.
797 572 848 610 (A.
867 574 918 610 26,
937 573 960 604 f.
978 575 1037 605 374
1052 579 1079 610 ¹3
1101 573 1134 604 V.
1153 576 1203 610 82,
1221 584 1273 615 ep.
1291 578 1348 607 541
1368 577 1420 616 A.)

665 622 800 654 27341.
821 643 858 648 --
874 626 1090 666 Indulgentia
1104 638 1119 657 c
1143 628 1275 659 dierum
1300 629 1520 661 visitantibus
1537 632 1714 663 ecclesiam
1739 633 1776 664 B.
1794 633 1839 664 M.
1855 634 2059 674 Magdalenae
2075 636 2115 667 de
2131 637 2214 668 Lon-

619 678 752 718 gopiru,
769 679 954 710 Meldensis
970 680 1030 716 di.,
1054 680 1088 710 in
1112 681 1199 711 festo
1215 681 1252 711 B.
1272 681 1316 712 M.
1337 681 1553 721 Magdalenae,
1573 686 1605 715 et
1621 695 1658 715 XL
1681 686 1813 716 dierum
1828 695 1887 726 per
1902 689 2037 719 octavas
2053 689 2213 721 festivita-

618 732 665 763 tis
681 731 848 771 ejusdem.
867 732 918 770 (A.
939 734 991 768 26,
1010 733 1031 763 f.
1047 735 1107 763 374
1122 739 1150 769 ³3
1172 734 1207 764 V.
1229 735 1279 771 82,
1304 743 1355 773 ep.
1374 736 1430 766 541
1448 737 1499 774 Β.)

664 782 804 814 27342.
824 802 863 807 -
879 785 1011 826 δψηοηί
1025 785 1062 816 de
1079 796 1103 817 s.
1123 787 1280 827 Projecto,
1301 789 1423 818 rectori
1439 790 1572 828 paroch.
1591 791 1671 822 eccl.
1691 791 1731 822 de
1747 792 1883 829 Cheule,
1901 794 2137 827 Laudunensis
2152 797 2212 835 di.,

619 838 791 869 indultum
809 839 857 874 ut,
883 838 1012 869 consid.
1032 839 1170 870 Joannae
1187 840 1228 871 R.
1248 841 1285 870 F.
1308 842 1341 871 et
1363 841 1418 876 N..
1442 841 1630 874 insistendo
1653 844 1843 875 scolasticis
1865 846 2057 886 disciplinis
2080 849 2114 880 in
2138 850 2211 882 loco

620 900 687 931 quo
703 891 855 923 studium
872 891 984 931 vigeat
1001 892 1171 932 generale,
1187 901 1294 932 usque
1312 893 1352 924 ad
1367 894 1551 925 triennium
1567 896 1696 927 ratione
1714 897 1810 928 dictae
1827 899 1907 929 eccl.
1923 908 1989 931 non
2004 902 2158 933 teneatur
2173 905 2214 935 ad

619 945 878 985 presbyteratus
895 945 1049 976 ordinem
1066 946 1259 984 promoveri
1278 954 1338 977 nec
1355 947 1388 977 in
1405 956 1444 978 ea
1460 949 1619 980 residere.
1638 950 1689 987 (A.
1706 951 1756 986 26,
1774 950 1795 981 f.
1814 952 1874 982 374
1889 957 1917 987 ²;
1941 952 1972 984 V.
1993 954 2041 991 82,
2060 963 2111 994 ep.
2129 958 2213 996 542.)

663 995 801 1028 27343.
819 1016 857 1020 —
878 997 982 1028 Ottoni
1000 998 1036 1028 de
1052 997 1162 1039 Haqen
1177 1008 1271 1038 prov.
1299 1007 1416 1031 canon.
1434 1001 1497 1031 sub
1521 1010 1615 1041 exsp.
1634 1002 1751 1042 presb„
1770 1005 1802 1034 et
1819 1004 1923 1044 dign,
1942 1006 1996 1037 vel
2015 1011 2215 1046 personatus

621 1058 682 1082 seu
699 1052 754 1083 off.
775 1060 802 1083 c.
822 1060 850 1082 c.
869 1052 923 1082 vel
939 1060 967 1082 s.
986 1060 1014 1082 c.
1036 1052 1116 1083 eccl.
1139 1052 1171 1083 S.
1191 1052 1236 1083 M.
1254 1053 1493 1093 Trajectensis,
1513 1054 1712 1086 Leodiensis
1730 1056 1774 1086 di.
1792 1075 1830 1078 —
1850 1058 1888 1088 In
1906 1067 1935 1089 e.
1956 1068 2000 1090 m.
2021 1069 2047 1090 s.
2072 1061 2215 1094 Servatii

619 1105 849 1145 Trajectensis
867 1106 899 1136 et
920 1105 961 1135 de
984 1105 1117 1141 Sittert,
1136 1105 1337 1137 Leodiensis
1357 1106 1416 1141 di.,
1436 1107 1584 1143 decanis,
1603 1117 1641 1139 ac
1666 1117 1753 1148 mag.
1774 1110 1898 1142 Jacobo
1917 1112 1957 1143 de
1975 1112 2117 1152 Mutina,
2140 1124 2213 1148 can.

620 1158 877 1191 Cameracensis
895 1158 990 1196 eccl„
1008 1158 1109 1198 Papae
1123 1167 1195 1198 cap.
1214 1158 1264 1199 (A.
1283 1161 1333 1197 26,
1352 1159 1374 1190 f.
1392 1161 1450 1191 387
1467 1165 1494 1197 ⁸3
1520 1160 1554 1191 V.
1570 1163 1620 1198 82,
1635 1170 1686 1200 ep.
1704 1163 1788 1202 571.)

664 1209 804 1243 27344.
822 1230 860 1235 --
877 1212 1009 1243 Mathaeo
1029 1211 1066 1242 de
1084 1212 1307 1251 Pictavinaria,
1326 1213 1517 1245 subdecano
1533 1216 1610 1246 eccl.
1633 1215 1857 1254 PictavensiS,
1878 1217 2046 1250 indultum
2065 1222 2102 1252 ut
2125 1221 2214 1253 fruc-

619 1267 676 1298 tus
703 1266 946 1298 beneficiorum
973 1274 1127 1303 suorum,
1153 1266 1347 1306 disciplinis
1374 1267 1564 1298 scolasticis
1591 1268 1780 1300 insistendo
1807 1270 1841 1300 in
1868 1270 1940 1302 loco
1968 1281 2033 1311 quo
2065 1275 2216 1307 studium

620 1320 732 1360 vigeat
751 1319 909 1360 generale
928 1319 981 1350 vel
996 1319 1031 1350 in
1053 1319 1168 1359 aliquo
1185 1328 1303 1351 eorum
1320 1320 1514 1356 residendo,
1532 1321 1573 1352 ad
1587 1322 1772 1353 triennium
1791 1323 1963 1363 percipere
1979 1326 2098 1357 valeat.
2117 1346 2153 1350 —
2177 1329 2217 1360 In

621 1382 651 1405 e.
675 1382 720 1405 m.
737 1373 850 1405 abbati
867 1373 1067 1405 monasterii
1084 1381 1111 1404 s.
1134 1373 1316 1405 Genovefee
1333 1374 1553 1411 Parisiensis‚
1573 1376 1605 1405 et
1621 1383 1708 1414 mag.
1726 1375 1826 1407 Petro
1844 1377 2018 1416 TessoniS,
2038 1379 2218 1413 Rothoma-

621 1435 709 1467 gen.‚
727 1436 764 1459 ac
780 1427 879 1458 Petro
895 1427 936 1458 de
951 1427 1192 1464 Vermantone,
1208 1427 1349 1458 Remen.
1366 1427 1446 1458 eccl.
1460 1428 1643 1459 canonicis.
1657 1428 1707 1468 (A.
1726 1430 1775 1466 26,
1791 1429 1814 1459 f.
1829 1430 1888 1461 390
1903 1435 1931 1466 ⁸;
1954 1430 1987 1463 V.
2000 1432 2051 1469 82,
2065 1442 2117 1472 ep.
2133 1436 2217 1474 572.)

667 1477 801 1510 27345.
823 1498 861 1503 ——
876 1480 970 1511 Petro
986 1479 1152 1518 Poverelli,
1169 1480 1283 1510 decano
1298 1479 1370 1510 eccl.
1388 1491 1413 1510 s.
1436 1480 1581 1512 Germani
1597 1481 1870 1512 Autissiodorensis
1889 1483 2085 1523 Parisiensis‚
2107 1486 2215 1519 indul·

621 1535 694 1566 tum
712 1534 838 1565 simile.
857 1552 895 1556 —
910 1534 949 1564 In
966 1542 995 1565 e.
1012 1542 1057 1564 m.
1074 1535 1111 1565 ut
1128 1542 1242 1574 supra.
1260 1533 1315 1570 (A.
1333 1535 1383 1571 26,
1399 1533 1422 1564 f.
1443 1535 1502 1565 390
1515 1539 1543 1570 ²3
1568 1533 1600 1565 V.
1617 1535 1670 1570 82,
1688 1543 1741 1574 ep.
1757 1537 1841 1573 573.)

667 1584 801 1617 27346.
826 1606 864 1610 -
882 1587 977 1618 Petro
1003 1586 1167 1622 PovereHi,
1195 1587 1325 1619 cantori
1349 1587 1429 1619 eccl.
1449 1586 1481 1617 b.
1505 1587 1725 1627 Radegundis
1746 1588 1968 1625 pictavensis,
1993 1590 2082 1622 idem
2106 1601 2219 1625 conce-

621 1641 724 1672 ditur.
744 1659 781 1664 —
798 1641 838 1672 In
851 1650 880 1672 e.
898 1649 943 1672 m.
958 1642 994 1672 ut
1009 1649 1037 1671 s.
1056 1641 1109 1681 (A.
1127 1642 1178 1677 26,
1198 1641 1222 1671 f.
1242 1641 1302 1672 390
1319 1640 1353 1677 ¹¹3
1374 1640 1409 1671 V.
1429 1641 1478 1677 82,
1495 1649 1547 1680 ep.
1562 1642 1646 1678 574.)

665 1691 804 1725 27347.
821 1712 860 1718 -
880 1694 1049 1726 Guillermo
1072 1693 1110 1725 de
1130 1694 1225 1725 Bessa
1243 1694 1379 1725 collatio
1398 1694 1532 1733 paroch.
1552 1695 1631 1726 eccl.
1650 1703 1678 1725 s.
1693 1695 1845 1732 Adriani,
1863 1695 2068 1729 Biterrensis
2084 1699 2142 1738 di.,
2161 1710 2220 1741 per

623 1747 754 1779 obitum
783 1748 876 1779 Petri
903 1748 1056 1780 Dafsona
1079 1748 1169 1787 apud
1193 1748 1226 1779 S.
1254 1747 1294 1779 A.
1322 1747 1449 1787 praevia
1473 1748 1704 1779 reservatione
1726 1749 1889 1780 vacantis.
1914 1768 1951 1772 —
1975 1751 2014 1781 In
2032 1760 2060 1782 e.
2083 1762 2126 1783 m.
2145 1762 2220 1794 ep.o

621 1801 876 1839 Colimbriensi,
895 1803 929 1833 et
952 1801 1079 1833 archid.
1103 1801 1276 1842 Figiacen.
1301 1801 1530 1838 Caturcensis‚
1557 1810 1595 1832 ac
1620 1802 1807 1833 Bertrando
1831 1802 1871 1834 de
1897 1803 2121 1843 Claromonte,
2145 1816 2216 1840 can.

622 1855 886 1887 colimbriensis
904 1855 1137 1886 ecclesiarum.
1154 1855 1209 1894 (A.
1227 1856 1278 1892 26,
1297 1854 1319 1885 f.
1337 1856 1397 1886 383
1414 1854 1445 1890 Μ
1470 1855 1505 1886 V.
1524 1856 1574 1892 82,
1593 1863 1644 1894 ep.
1661 1855 1747 1894 580.)

666 1906 804 1939 27348.
825 1927 862 1931 --
883 1908 974 1939 Petro
995 1908 1151 1939 Poverelli
1167 1918 1262 1949 supra
1281 1908 1362 1939 dicto
1382 1910 1428 1947 (n.
1449 1908 1565 1947 27346)
1586 1908 1755 1939 indultum
1779 1910 1816 1939 ut
1841 1918 1948 1949 usque
1971 1911 2011 1941 ad
2035 1912 2218 1946 triennium

618 1963 708 2003 J'uris
721 1963 836 1994 civilis
854 1962 967 1994 studio
986 1963 1146 1994 insistere
1163 1962 1285 1994 valeat.
1306 1962 1358 2001 (A.
1375 1964 1426 1999 26,
1444 1962 1466 1993 f.
1484 1963 1544 1994 388
1557 1961 1585 1999 Ι>;
1609 1961 1642 1992 V.
1661 1963 1712 1998 82,
1730 1971 1782 2001 ep.
1798 1963 1882 2001 582.)

667 2013 802 2045 27349.
821 2035 857 2039 -
876 2015 969 2046 Petro
989 2015 1146 2046 Poverelli
1162 2025 1258 2056 supra
1282 2015 1363 2046 dicto
1387 2017 1433 2052 (n.
1456 2015 1570 2055 27345)
1592 2015 1761 2046 indultum
1780 2016 1904 2047 simile.
1928 2017 1981 2056 (A.
2000 2019 2049 2057 26,
2072 2018 2094 2050 f.
2112 2021 2170 2052 388
2188 2021 2217 2058 b;

619 2070 664 2102 V.
681 2071 733 2106 82,
751 2078 804 2109 ep.
821 2070 906 2108 583.)

667 2120 804 2153 27350.
823 2141 861 2145 -
879 2122 1026 2153 Herberto
1041 2122 1208 2160 Poverelli,
1227 2131 1301 2154 can.
1324 2123 1404 2164 eccl.
1424 2122 1458 2153 b.
1477 2122 1616 2153 Martini
1634 2122 1853 2159 Turonensis,
1875 2123 2043 2155 indultum
2061 2127 2097 2157 ut
2118 2135 2221 2167 supra

578 2204 581 2207 ⁴
623 2178 668 2216 (n.
686 2178 799 2215 27344)
818 2177 981 2215 notatum,
999 2176 1041 2207 ad
1058 2176 1341 2216 quinquennium.
1358 2176 1449 2207 —In
1463 2184 1491 2207 e.
1510 2185 1554 2206 ni.
1570 2177 1608 2207 ut
1626 2184 1729 2215 supra
1743 2176 1790 2215 (n.
1808 2176 1932 2215 27344).
1946 2177 1997 2217 (Α.
2013 2179 2062 2216 26,
2076 2179 2098 2210 f.
2115 2181 2175 2212 390
2188 2181 2217 2218 ¹³,-

630 2230 663 2261 V.
678 2232 729 2264 82,
746 2239 798 2270 ep.
816 2231 902 2269 575.)

668 2281 805 2315 27351.
822 2303 860 2307 -
879 2283 996 2315 ,Ioanni
1015 2293 1085 2324 ep.o
1103 2283 1305 2314 Ambianensi
1324 2283 1493 2323 indultum
1516 2283 1553 2313 ut
1568 2282 1728 2313 ecclesias
1745 2283 1777 2314 et
1794 2284 1984 2315 coemeteria
2003 2285 2129 2318 violata
2145 2296 2220 2319 sua-

622 2346 698 2369 rum
714 2337 806 2369 civit.
825 2338 858 2369 et
874 2337 920 2369 di.
940 2346 1000 2377 per
1015 2337 1123 2368 alium
1139 2336 1359 2368 reconciliare
1382 2336 1503 2367 valeat.
1523 2335 1574 2373 (A.
1592 2336 1642 2372 26,
1662 2335 1685 2366 f.
1700 2335 1798 2373 390123
1824 2335 1854 2366 V.
1869 2338 1919 2373 82,
1938 2346 1991 2377 ep.
2007 2339 2092 2378 581.)

666 2388 806 2421 27:352.
826 2409 863 2414 —
878 2391 1012 2421 Mathaeo
1026 2390 1061 2421 de
1074 2389 1302 2425 Pictavinaria,
1315 2389 1485 2420 subdecano
1498 2388 1569 2419 eccl.
1583 2389 1781 2426 Pictavensis,
1798 2389 1967 2421 indultum
1979 2391 2021 2422 ad
2035 2392 2220 2425 triennium

619 2444 708 2484 juris
740 2444 854 2476 civilis
881 2444 995 2476 studio
1019 2444 1203 2475 insistendi
1229 2444 1265 2474 in
1292 2443 1366 2475 loco
1388 2451 1454 2482 quo
1482 2442 1568 2473 illud
1589 2442 1701 2482 vigeat
1726 2443 1893 2482 generale.
1920 2443 1973 2483 (A.
1994 2445 2044 2481 26,
2065 2445 2087 2476 f.
2111 2447 2171 2477 412
2186 2447 2218 2483 ¹³;

629 2497 663 2528 V.
679 2498 730 2533 82,
747 2506 799 2538 ep.
820 2498 907 2537 621.)

667 2548 807 2581 27353.
824 2568 863 2574 -
887 2551 992 2592 Praep.
1016 2561 1041 2582 s.
1069 2550 1203 2581 Andreae
1224 2548 1523 2590 Gratianopolitan.,
1549 2553 1578 2579 et
1599 2549 1746 2585 thesaur„
1774 2558 1808 2579 ac
1833 2549 1926 2579 Petro
1955 2550 2122 2587 Francisci,
2149 2562 2216 2584 can.

622 2605 799 2636 Lausanen.
817 2604 902 2643 eccl„
919 2605 1033 2636 mand.
1052 2613 1113 2644 pro
1124 2604 1316 2644 receptione
1332 2602 1507 2634 Francisci
1522 2603 1592 2634 nati
1606 2602 1748 2634 Joannis
1763 2602 1887 2634 Candie
1901 2603 1941 2634 de
1953 2603 2217 2644 Chambeiriaco,

623 2659 704 2691 cler.
731 2658 1058 2698 Gratianopolitanae
1088 2658 1148 2694 di.,
1181 2657 1216 2688 in
1250 2657 1330 2689 eccl.
1360 2656 1690 2696 Gratianopolitana,
1716 2655 1753 2687 O.
1784 2655 1817 2687 S.
1842 2656 1882 2686 A.
1910 2656 1962 2696 (A.
1985 2658 2034 2692 26,
2062 2656 2085 2687 f.
2113 2658 2173 2690 440
2189 2663 2217 2696 ·;

629 2712 663 2743 V.
684 2713 734 2748 82,
752 2721 802 2752 ep.
822 2712 909 2751 686.)

670 2763 807 2796 27354.
827 2784 865 2789 -
888 2766 1058 2798 Francisco
1086 2769 1159 2795 nato
1182 2764 1292 2796 Jacobi
1311 2763 1487 2795 Bonivardi
1510 2762 1545 2793 de
1570 2762 1740 2793 Anassiaco
1767 2770 1860 2801 prov.
1890 2770 2006 2793 canon.
2035 2762 2098 2793 sub
2122 2772 2217 2805 exsp.

624 2819 729 2860 praeb.
746 2820 827 2852 eccl.
844 2819 1091 2852 Gebennensis.
1111 2837 1151 2841 —
1163 2818 1188 2850 I.
1206 2826 1234 2850 e.
1250 2827 1296 2849 m.
1311 2817 1425 2849 abbati
1442 2817 1586 2847 monast.
1603 2816 1643 2846 de
1658 2814 1934 2852 Intermontibus,
1948 2813 2140 2848 Gebennen.
2158 2817 2217 2856 di.,

626 2874 660 2905 et
674 2873 782 2913 priori
801 2882 829 2904 s.
848 2873 998 2905 Victoris
1015 2872 1225 2908 Gebennen.,
1245 2880 1282 2902 ac
1305 2871 1408 2902 Petro
1431 2869 1471 2901 de
1497 2869 1640 2909 Vigono,
1661 2877 1731 2898 can.
1757 2867 1978 2899 Taurinensis
1996 2868 2076 2900 eccl.
2094 2869 2147 2910 (A.
2167 2871 2218 2909 26,

625 2926 650 2958 f.
667 2927 728 2957 440
742 2931 773 2963 ²3
797 2925 830 2958 V.
844 2927 895 2962 82,
913 2935 964 2966 ep.
979 2925 1065 2966 687.)

671 2977 807 3010 27355.
823 2998 863 3003 -
878 2979 996 3012 Ioanni
1013 2979 1180 3019 Huqonete}
1205 2978 1285 3009 cler.
1304 2976 1396 3008 chori
1418 2975 1499 3007 eccl.
1520 2973 1745 3010 Mimatensis‚
1764 2973 1871 3012 gratia
1890 2982 1984 3014 exsp.
2008 2974 2118 3006 benef.
2138 2985 2165 3007 c.
2190 2986 2218 3008 c.

625 3033 678 3065 vel
694 3034 737 3074 (s.
758 3043 785 3065 c.
805 3034 883 3065 501.
906 3034 944 3072 t.)
963 3033 997 3064 in
1016 3033 1107 3064 civit.
1128 3040 1188 3063 seu
1206 3031 1251 3062 di.
1273 3029 1476 3063 Ruthenen.‚
1495 3028 1535 3058 ad
1558 3027 1668 3058 collat.
1692 3026 1759 3066 ep.i
1783 3025 2027 3065 Ruthenensis;
2045 3037 2121 3060 cum
2138 3029 2220 3062 obli-
