2540 3496
241 408 344 435 Datum
364 401 544 435 Avenione.

279 509 317 537 30
334 516 396 536 nov.
417 507 504 535 4326.

292 554 327 589 (ιι
341 552 401 587 kal.
417 550 494 586 dec.)

307 598 338 624 Τ.
358 597 392 630 Χ,
411 596 470 624 XII.

350 668 386 696 Ut
407 676 430 695 s.

229 715 232 718 ⁴
253 714 284 741 T.
301 713 336 740 xl
351 713 394 745 ¹1¹2,
412 712 474 739 XIII
492 712 533 744 ¹lz.

353 989 389 1016 Ut
404 996 428 1015 s.
525 1016 537 1032 (ᾧ

298 1034 329 1061 Τ.
346 1033 392 1067 XI,
409 1031 481 1060 XIII.
533 1035 535 1038 ’

357 1416 393 1444 Ut
409 1424 433 1443 s.

305 1462 336 1489 T.
353 1461 399 1496 x1,
414 1460 486 1488 XIII.

356 1578 393 1606 Ut
409 1586 432 1605 s.

306 1624 336 1651 T.
355 1624 400 1657 XI,
415 1622 487 1650 XIII.

358 1740 395 1768 Ut
411 1749 435 1769 s,

304 1786 334 1812 T.
351 1786 398 1817 XI,
415 1785 486 1812 XVI.

362 1902 396 1929 [t
417 1910 440 1929 s.

305 1947 335 1973 T.
353 1947 399 1980 XI,
419 1941 501 1973 xm?

363 2063 398 2090 Ijt
418 2070 442 2090 ε.

308 2107 338 2134 T.
356 2107 402 2140 XI,
419 2106 491 2134 XIII.

363 2168 398 2195 Ut
415 2177 439 2195 s.

310 2213 340 2239 T.
354 2213 400 2246 XI,
417 2213 488 2240 XIII.

361 2381 398 2409 Ut
418 2389 442 2408 s.
469 2413 471 2415 ι

309 2425 340 2452 Τ.
357 2426 404 2459 XI,
421 2425 494 2454 XIII.

362 2488 399 2516 Ut
419 2496 442 2515 s.

341 2532 371 2559 T.
390 2532 462 2559 XVI.

364 2595 401 2623 Ut
417 2604 440 2623 s.

348 2640 379 2667 Τ.
400 2639 457 2667 XX.

365 2702 400 2730 Ut
420 2710 444 2730 ε.

351 2747 381 2774 Τ.
402 2746 459 2776 XX.

257 2811 270 2837 Ι
289 2809 374 2845 (kal.)
390 2809 448 2836 dec.
467 2809 556 2837 1326.

346 2853 376 2881 T.
396 2853 466 2881 XVI.

366 2915 402 2944 Ut
422 2924 446 2943 s.

262 2974 267 2982 ν
332 2960 362 2986 Ῥ.
382 2959 478 2987 XXIV.

611 315 784 346 JOANNIS
808 315 927 346 PAPAE
948 315 1050 345 XXII.
1075 315 1323 355 (1316—1334).
1347 332 1385 337 -—
1408 314 1592 344 LITTERAE
1615 312 1839 344 COMMUNES
2164 315 2223 345 379

678 503 816 535 27137.
833 523 870 527 -
889 506 1031 536 Arnaldo
1055 506 1093 536 de
1117 505 1347 545 Maloboryueto
1365 515 1459 545 prov.
1479 515 1595 536 canon.
1614 505 1677 536 sub
1695 514 1790 544 exsp.
1807 503 1909 544 praeb.
1927 503 2007 535 eccl.
2026 512 2054 534 s.
2074 502 2226 534 Severini

633 559 857 598 Burdegalen.
873 576 904 581 -
928 560 954 589 Ι.
972 568 1000 589 0.
1018 568 1062 589 m.
1077 559 1203 590 archid.
1217 559 1379 596 Sernesii,
1400 560 1433 589 et
1450 559 1600 589 sacristae
1618 558 1853 598 Burdegalen.,
1872 566 1910 588 ao
1926 556 2054 588 cantori
2066 556 2226 587 Vasaten.

634 612 714 643 eccl.
734 612 786 648 (A.
802 613 851 650 26,
872 611 894 642 f.
912 614 972 642 292
989 617 1016 647 ³3
1040 613 1075 643 V.
1093 614 1144 647 82,
1163 620 1215 650 ep.
1235 612 1320 651 373.)

682 661 816 693 27138.
845 682 884 687 --
904 665 1020 695 loanni
1045 665 1174 695 Colardi
1191 665 1227 695 de
1249 665 1412 696 Firmitate
1435 665 1569 696 collatio
1586 673 1703 695 canon.
1728 664 1791 695 sub
1808 672 1901 703 exsp.
1928 662 2031 702 praeb.
2049 662 2128 693 0001.
2147 662 2228 692 Μο1-

635 717 764 754 densis,
781 726 848 748 non
866 718 952 748 obst.
969 718 1059 757 quod
1075 727 1169 757 perp.
1197 718 1419 757 capellaniam
1437 718 1573 757 capell-ae
1595 727 1621 748 s.
1649 717 1851 757 Magnobodi
1868 717 1941 747 sitae
1960 716 1995 747 in
2012 716 2121 747 castro
2139 716 2228 747 Bau-

634 771 731 810 gerii‚
748 771 1004 810 Andegavensis
1021 771 1078 808 di.‚
1095 771 1245 802 obtineat
1261 772 1292 802 et
1308 771 1397 810 quod
1413 771 1538 802 dudum
1553 772 1592 801 de
1609 771 1718 802 benef.
1737 770 1922 802 ecclesiast.
1939 778 1966 800 0.
1983 778 2010 800 0.
2025 769 2080 800 vel
2097 777 2124 799 s.
2142 778 2169 799 0.
2188 768 2229 799 ad

635 824 853 855 collationem
878 822 945 854 seu'
962 824 1194 863 provisionem
1212 824 1280 863 epi
1304 816 1522 855 Belvacensis
1538 833 1596 863 per
1613 824 1746 854 litteras
1761 824 1870 862 apost.
1889 822 2085 854 mandatum
2101 822 2146 853 sit
2162 821 2230 861 ipsi

635 877 819 917 provideri.
835 894 873 898 —
888 877 915 908 I.
934 886 963 908 e.
978 886 1022 907 m.
1045 876 1158 907 abbati
1172 878 1315 908 monast.
1336 886 1362 907 s.
1380 877 1545 908 Pharonis
1561 879 1592 908 et
1607 877 1710 916 priori
1729 886 1756 907 s.
1776 876 1908 908 Ciliniae
1925 876 2083 911 Melden.,
2101 884 2138 906 ac
2155 883 2230 906 can-

635 931 702 962 tori
719 930 800 961 eccl.
817 930 1053 961 Lexoviensis.
1073 930 1186 968 (A.26‚
1198 930 1220 960 f.
1239 931 1296 961 353
1313 934 1340 967 ³3
1360 930 1393 960 V.
1410 931 1460 964 82,
1478 939 1530 969 ep.
1545 931 1629 968 500.)

681 981 819 1013 27139.
848 1001 885 1005 -
906 983 1026 1013 leomae
1050 982 1170 1013 Alberti
1195 983 1330 1013 collatio
1357 991 1474 1013 canon.
1507 983 1570 1013 suh
1594 991 1690 1021 exsp.
1717 982 1832 1022 praeb.,
1856 991 1893 1013 ac
1920 982 2010 1021 dign.
2035 981 2090 1012 vel
2114 989 2230 1020 perso-

637 1038 738 1068 natus
761 1046 788 1068 0.
813 1045 840 1067 0.
864 1037 919 1067 vel
942 1045 969 1066 s.
993 1045 1020 1066 c.
1045 1036 1125 1067 eccl.
1147 1036 1381 1074 Varadiensis,
1408 1036 1535 1066 consid.
1564 1036 1677 1067 Caroli
1701 1035 1790 1075 regis
1818 1035 2012 1075 Hungariae,
2036 1035 2130 1074 cujus
2157 1043 2230 1074 cap.

637 1091 767 1128 existit,
792 1099 859 1122 non
883 1089 969 1121 obst.
996 1089 1030 1120 in
1050 1089 1253 1129 strigonien.
1279 1090 1311 1120 et
1334 1089 1516 1120 Posonien.
1541 1088 1793 1120 canonicatibus
1811 1089 1844 1119 et
1866 1088 1982 1128 praeb.‚
2007 1089 2039 1119 et
2061 1088 2096 1118 in
2116 1087 2231 1118 eadem

637 1144 843 1176 Posoniensi
873 1143 1028 1174 custodia
1050 1151 1124 1182 quae
1147 1151 1208 1173 nec
1233 1143 1331 1182 dign.v
1348 1151 1408 1173 neo
1433 1143 1647 1181 personatus,
1670 1142 1730 1173 sed
1753 1141 1898 1180 simplex
1922 1141 1975 1172 off.
1997 1149 2024 1172 s.
2051 1150 2078 1172 0.
2103 1140 2232 1175 existit,

638 1200 670 1230 et
707 1197 837 1237 capella
861 1196 895 1227 b.
924 1196 1057 1228 Nicolai
1081 1196 1121 1227 de
1143 1196 1236 1227 Villa
1257 1196 1405 1235 Pispuki
1433 1195 1473 1226 de
1498 1195 1684 1226 Chollokuz
1714 1204 1789 1225 cum
1817 1194 1895 1225 aliis
1921 1194 2061 1233 capellis
2084 1194 2151 1233 ipsi
2178 1202 2234 1224 an-

638 1251 750 1289 nexis,
778 1250 1026 1291 Strigoniensis
1045 1250 1091 1280 di.
1115 1266 1154 1270 —
1175 1250 1202 1280 I.
1232 1258 1261 1280 e.
1285 1258 1330 1279 m.
1354 1258 1428 1288 ep.o
1453 1249 1638 1285 Jauriensi,
1665 1249 1697 1279 et
1717 1256 1804 1287 mag.
1826 1247 1948 1278 Joanni
1970 1247 2010 1278 de
2031 1246 2149 1287 Regio,
2176 1246 2236 1277 Ca-

639 1313 741 1336 merae
766 1305 875 1344 apost.
893 1304 986 1339 cler.,
1002 1303 1175 1339 Parmen.,
1201 1311 1238 1334 ac
1265 1302 1468 1342 Strigonien.
1496 1302 1576 1333 eccl.
1597 1301 1799 1340 praepositis.
1818 1300 1870 1339 (A.
1887 1301 1938 1338 26,
1958 1300 1980 1331 f.
1998 1301 2057 1331 382
2077 1299 2108 1338 b3
2131 1299 2167 1331 V.
2182 1301 2235 1336 82,

638 1367 691 1398 ep.
707 1359 793 1398 556.)

686 1409 822 1441 27140.
844 1429 878 1433 -
900 1410 1030 1441 Nicolao
1046 1410 1128 1440 dicto
1145 1409 1275 1440 Claman
1292 1409 1404 1440 collat.
1425 1417 1542 1439 canon.
1561 1407 1623 1438 sub
1640 1416 1732 1447 exsp.
1751 1407 1852 1447 praeb.
1871 1407 1950 1438 eccl.
1967 1406 2234 1446 Limpurgensis,

639 1467 821 1498 Treveren.
841 1465 887 1495 di.
905 1483 942 1488 —
960 1462 986 1495 1.
1004 1473 1034 1495 e.
1049 1473 1094 1495 m.
1119 1472 1147 1494 s.
1167 1462 1321 1494 Severini
1337 1463 1369 1493 et
1386 1462 1419 1493 S.
1435 1462 1479 1493 M.
1498 1462 1538 1492 ad
1554 1461 1687 1492 Gradus
1704 1460 1876 1492 Colonien.
1894 1459 2098 1499 praeposisss,
2116 1468 2152 1490 ac
2166 1467 2237 1490 sco-

639 1519 718 1551 last.
735 1518 972 1555 W'estlarien.,
990 1516 1213 1549 Treverensis
1232 1516 1292 1553 di.‚
1311 1516 1391 1546 0001.
1410 1515 1462 1553 (A.
1482 1516 1532 1551 28,
1550 1515 1573 1544 f.
1589 1516 1649 1546 249
1663 1519 1691 1550 ²3
1717 1513 1748 1543 V.
1768 1515 1818 1550 84,
1835 1522 1888 1552 ep.
1907 1512 2013 1551 2728.)

684 1570 823 1603 27141.
850 1590 888 1595 -
907 1570 1090 1611 Godefrido,
1109 1574 1182 1600 nato
1200 1569 1336 1600 'Henrici
1361 1569 1397 1599 de
1421 1568 1598 1599 Clzalsmorzt
1617 1567 1735 1603 militis,
1754 1566 1889 1598 collatio
1912 1574 2028 1597 canon.
2056 1565 2119 1596 sub
2141 1573 2236 1604 exsp.

641 1627 745 1667 praeb.
770 1626 850 1658 eccl.
872 1624 1208 1664 Aschaffenburgen„
1235 1623 1423 1663 Maguntin.
1450 1622 1495 1652 di.
1514 1640 1550 1644 —
1572 1622 1598 1652 I.
1618 1630 1647 1652 e.
1674 1630 1719 1652 m.
1743 1621 1780 1651 ut
1802 1628 1916 1660 supra.
1943 1619 1998 1660 (A.
2016 1620 2067 1654 28,
2090 1618 2112 1649 f.
2129 1619 2189 1649 249
2204 1617 2239 1654 ὓς

646 1681 681 1713 V.
699 1682 751 1718 84,
769 1689 821 1720 ep.
839 1678 944 1718 2729.)

685 1731 826 1765 27142.
844 1752 881 1756 -
895 1733 1014 1765 Joanm·
1031 1732 1068 1762 de
1087 1730 1297 1762 Aldenkoven.
1318 1730 1428 1761 collat.
1449 1738 1568 1760 canon.
1588 1728 1651 1759 sub
1667 1737 1760 1767 exsp.
1780 1727 1881 1767 praeb.
1898 1726 1978 1757 0001.
1996 1726 2034 1757 B.
2052 1725 2097 1756 M.
2113 1725 2242 1765 Trajec-

640 1791 723 1826 ten„
742 1788 902 1820 Leodien.
918 1787 964 1818 di.
981 1804 1019 1809 ——
1036 1786 1062 1816 Ι.
1085 1794 1115 1817 e.
1132 1794 1176 1816 m.
1200 1794 1227 1816 s.
1245 1783 1399 1815 Severini
1417 1784 1449 1814 et
1467 1783 1500 1814 S.
1517 1783 1561 1813 M.
1585 1782 1627 1813 ad
1641 1781 1775 1813 Gradus
1792 1780 1966 1812 Colonien.
1984 1778 2188 1818 praepositis»,
2204 1786 2242 1808 ac

641 1843 781 1874 scolast.
798 1840 1035 1875 Westlarien.,
1055 1839 1245 1878 Trajecten.
1263 1837 1323 1876 di.‚
1339 1837 1420 1868 eccl.
1440 1836 1494 1875 (A.
1514 1837 1564 1872 28,
1581 1836 1603 1866 f.
1621 1836 1680 1866 255
1698 1840 1726 1871 a;
1747 1834 1779 1865 V.
1798 1835 1848 1871 84,
1867 1842 1918 1873 ep.
1936 1834 2042 1871 2737.)

687 1892 825 1925 27143.
845 1912 883 1917 -
906 1893 1048 1925 Volmaro
1068 1892 1104 1923 de
1122 1891 1291 1933 Lynnephe
1311 1890 1423 1922 collat.
1444 1898 1560 1921 canon.
1583 1889 1646 1920 sub
1659 1897 1756 1928 exsp.
1770 1887 1872 1927 praeb.
1890 1886 1969 1918 0001.
1986 1886 2024 1917 B.
2039 1886 2083 1917 Μ.
2103 1885 2144 1916 ad
2158 1885 2241 1916 Gra-

643 1951 706 1981 dus
722 1949 900 1981 colonien.
919 1947 993 1978 -Ι,
1013 1955 1042 1978 0.
1056 1955 1103 1977 m.
1120 1955 1147 1977 s.
1164 1944 1319 1977 Severini
1332 1945 1364 1975 et
1379 1953 1406 1975 s.
1426 1943 1569 1975 Andre'ae
1581 1942 1754 1974 Colonien.
1769 1949 1883 1981 praep„
1902 1949 1939 1971 ac
1955 1947 2042 1979 mag.
2061 1938 2242 1970 Ambrosio

645 2004 685 2035 de
701 2002 917 2042 Lamayrola,
935 2010 1008 2032 can.
1025 1999 1253 2031 Mediolanen.
1270 1998 1351 2029 eccl.
1370 1997 1423 2037 (A.
1447 1998 1499 2033 28,
1519 1996 1541 2027 f.
1560 1997 1618 2027 255
1636 1995 1664 2031 ὓ,
1689 1995 1720 2027 V.
1739 1996 1789 2030 84,
1810 2003 1862 2034 ep.
1877 1994 1982 2032 2738.)

692 2053 829 2085 27144.
861 2072 899 2078 -
928 2053 1126 2091 Theoderico,
1155 2057 1228 2083 nato
1260 2052 1400 2083 Werneri
1426 2050 1501 2081 dicti
1519 2049 1628 2080 Knebil
1646 2048 1761 2084 militis,
1785 2048 1896 2079 collat.
1924 2055 2040 2078 canon.
2066 2045 2128 2076 sub
2145 2054 2241 2084 exsp.

628 2110 747 2151 praeb.
766 2109 846 2141 eccl.
861 2107 1090 2140 Wormatien.
1106 2125 1144 2129 —
1158 2107 1185 2138 Ι.
1204 2115 1232 2137 0.
1250 2115 1296 2136 m.
1313 2106 1351 2136 ut
1370 2114 1410 2142 s.‚
1430 2114 1460 2135 n.
1477 2105 1589 2134 27142.
1613 2103 1664 2137 (Α.
1679 2104 1729 2140 28,
1748 2102 1770 2133 f.
1788 2103 1848 2133 255
1859 2101 1888 2139 ¹³3
1911 2100 1944 2131 V.
1962 2101 2013 2138 84,
2032 2109 2084 2140 ep.
2098 2100 2203 2137 2739.)

691 2160 829 2194 27145.
848 2180 887 2187 -
911 2162 1043 2199 Cononi,
1059 2165 1132 2191 nato
1153 2159 1338 2200 lleydenrici
1357 2158 1392 2188 de
1408 2158 1516 2199 Heyqe
1538 2157 1617 2192 mil.,
1643 2156 1779 2187 collatio
1801 2163 1918 2186 canon.
1942 2153 2005 2185 sub
2027 2162 2121 2193 exsp.
2140 2152 2242 2192 praeb.

645 2218 726 2249 eccl.
745 2215 1023 2253 Westlariensis,
1040 2215 1222 2246 Treveren.
1246 2213 1291 2244 di.
1314 2230 1352 2235 —
1372 2212 1398 2243 I.
1422 2221 1450 2243 e.
1468 2220 1513 2243 m.
1533 2220 1560 2242 s.
1587 2210 1740 2242 Severini
1765 2210 1798 2240 et
1819 2209 1852 2240 S.
1871 2207 1915 2239 M.
1936 2207 1977 2238 ad
1994 2206 2128 2239 Gradus
2149 2205 2244 2237 Colo-

645 2272 734 2302 nien.
758 2269 964 2310 praepositis,
989 2278 1026 2299 ac
1045 2268 1171 2299 decano
1197 2276 1226 2298 s.
1244 2266 1376 2298 Florini
1397 2266 1432 2296 in
1456 2264 1668 2296 Confluentia
1696 2262 1788 2298 eccl„
1808 2261 2028 2293 Treverensis
2045 2260 2090 2291 di.
2113 2259 2163 2296 (A.
2194 2260 2244 2293 28,

645 2325 669 2356 f.
684 2326 744 2356 256
763 2329 794 2360 ²3
816 2323 851 2355 V.
868 2324 919 2360 84,
934 2332 986 2363 ep.
1005 2323 1110 2361 2740.)

693 2375 832 2408 27146.
855 2395 894 2400 -
912 2377 1043 2413 Joanni,
1062 2380 1136 2406 nato
1149 2375 1294 2416 praedz'cti
1310 2373 1428 2411 militis,
1447 2372 1573 2404 similis
1591 2371 1698 2411 gratia
1722 2370 1756 2400 in
1774 2369 1854 2400 eccl.
1876 2368 1911 2399 in
1930 2367 2149 2408 Deytkirgen,
2167 2366 2244 2397 Tre-

645 2432 800 2464 verensis
816 2431 862 2462 cli.
878 2449 915 2454 -
931 2431 958 2461 Ι.
975 2439 1004 2461 0.
1023 2438 1069 2460 m.
1091 2430 1129 2460 ut
1145 2438 1186 2468 s.,
1203 2438 1235 2459 n.
1254 2429 1365 2459 27142.
1383 2427 1435 2466 (A.
1454 2427 1504 2462 28,
1521 2426 1544 2456 f.
1565 2427 1624 2457 256
1639 2430 1666 2461 ³3
1694 2423 1727 2454 V.
1745 2424 1797 2459 84,
1812 2431 1864 2462 ep.
1879 2422 1985 2459 2741.)

691 2482 831 2516 27147.
862 2503 900 2507 -
929 2483 969 2514 Ν.
988 2494 1028 2514 m.
1045 2482 1192 2524 Allieydi,
1210 2482 1369 2512 comitissae
1382 2480 1418 2511 de
1431 2479 1585 2517 Nassowe,
1603 2477 1772 2509 indultum
1790 2475 1907 2508 altaris
1920 2474 2102 2515 portatilis.
2122 2473 2173 2513 (A.
2196 2473 2245 2508 28,

647 2540 670 2571 f.
689 2541 746 2571 261
769 2538 798 2575 ὓ,
819 2538 855 2570 V.
876 2539 927 2574 84,
943 2547 996 2577 ep.
1023 2538 1128 2576 2770.)

693 2590 830 2622 27148.
852 2609 888 2614 -—-
907 2590 1020 2622 Eidem
1041 2590 1185 2621 facultas
1202 2589 1318 2620 divina
1336 2588 1448 2619 officia
1468 2586 1613 2618 faciendi
1633 2584 1798 2616 celebrari
1816 2583 1996 2622 antequam
2012 2580 2090 2611 dies
2114 2579 2246 2610 illuces-

649 2648 710 2679 cat.
729 2646 784 2686 (A.
810 2647 860 2683 28,
880 2645 904 2677 f.
923 2645 980 2676 261
1000 2644 1032 2682 ¹³3
1059 2643 1092 2675 V.
1111 2645 1163 2681 84,
1181 2651 1233 2684 ep.
1253 2641 1373 2681 2771)

695 2697 834 2729 27149.
856 2717 894 2721 -
914 2697 1027 2729 Eidem
1044 2697 1215 2728 indultum
1233 2696 1348 2726 divina
1361 2695 1473 2726 officia
1490 2693 1634 2725 faciendi
1649 2690 1812 2723 celebrari
1828 2689 1863 2720 in
1878 2688 1962 2720 locis
1977 2686 2154 2718 interdicto
2170 2692 2247 2724 sup-

650 2753 784 2794 positis.
806 2753 857 2791 (A.
878 2754 929 2789 28,
947 2752 970 2782 f.
991 2753 1050 2783 209
1067 2756 1096 2788 ³3
1118 2750 1153 2782 V.
1173 2751 1224 2787 84,
1243 2758 1294 2789 ep.
1315 2750 1419 2785 2772.)

697 2804 834 2836 27150.
858 2823 897 2828 -
913 2805 1082 2846 ΑνεΙιὶερ.ο
1100 2802 1341 2845 Composcellan.
1363 2801 1474 2832 mand.
1488 2802 1524 2831 ut
1541 2809 1560 2831 a
1575 2799 1739 2831 Roderico
1759 2797 1899 2831 Tuden.,
1916 2795 1997 2826 olim
2017 2795 2140 2825 Lucen.
2160 2799 2246 2832 epo,

650 2860 828 2892 fidelitatis
844 2859 966 2891 dehitae
982 2858 1123 2890 solitum
1138 2857 1370 2897 Juramentum
1388 2854 1540 2893 recipiat.
1557 2853 1610 2893 (A.
1630 2853 1678 2886 26,
1697 2851 1719 2882 f.
1737 2851 1796 2881 284
1811 2849 1840 2888 b;
1864 2849 1899 2880 V.
1915 2849 1965 2883 82,
1985 2856 2036 2887 ep.
2053 2847 2136 2883 356.)

698 2911 836 2943 27151.
858 2931 896 2935 —
915 2911 1000 2953 Epo
1021 2921 1045 2942 s.
1070 2910 1198 2951 Papuli,
1224 2915 1252 2940 et
1276 2908 1382 2939 abbati
1399 2911 1529 2938 monast.
1555 2906 1744 2936 Atlzanacen.
1767 2902 1962 2943 Luqdunen„
1983 2910 2018 2930 ac
2037 2898 2196 2930 lancelino
2213 2897 2249 2928 de

655 2966 835 3004 Cassankis‚
861 2976 927 2997 can.
945 2966 1112 3002 Biterren„
1138 2963 1249 2994 mand.
1274 2963 1310 2993 ut
1337 2962 1508 3000 Rostagno
1532 2958 1644 2990 abbati
1663 2958 1807 2988 monast.
1831 2955 1864 2987 S.
1887 2955 1931 2986 M.
1950 2954 1990 2984 de
2009 2951 2248 2989 Saffluncellis,

654 3021 692 3052 O.
716 3021 748 3052 S.
778 3020 831 3058 Α.,
858 3018 1113 3050 xanctonensis
1130 3017 1189 3053 di.‚
1210 3015 1334 3047 faciant
1356 3014 1496 3054 justitiae
1513 3011 1796 3050 complementum
1819 3017 1920 3048 super
1939 3004 2201 3038 alienationibus
2216 3004 2249 3035 et
