2540 3496
302 343 364 374 600

336 434 441 461 Datum
460 426 645 462 Avenione.

333 539 347 564 Ι
366 536 452 571 (kal.)
470 544 538 570 auq.
563 531 650 562 ¹327.

376 582 408 609 T.
426 581 507 614 Lxx,
523 579 605 607 LXX.

452 747 489 775 Ut
508 755 532 774 s.

439 792 470 819 T.
485 791 541 819 XL.

451 961 489 989 Ut
509 969 533 988 s.

420 1006 451 1033 T.
472 1005 569 1034 XXIV.

455 1282 491 1310 Ut
509 1290 533 1309 s.

440 1328 472 1355 Τ.
491 1327 548 1355 ΧΧ.

454 1391 490 1419 Ut
510 1398 535 1418 s.

440 1436 471 1463 T.
493 1435 551 1463 XX.

456 1552 493 1580 Ut
510 1560 534 1579 s.

403 1598 434 1625 T.
455 1596 501 1630 XI,
520 1595 594 1623 XIII.

310 1712 331 1741 2
348 1713 390 1747 (iv
409 1711 491 1748 non.)
507 1719 575 1746 auq.
595 1709 685 1739 4327.

435 1757 465 1784 T.
486 1756 559 1784 xvl.

461 1818 497 1846 Ut
517 1827 540 1846 S.

461 1864 491 1890 T.
510 1863 540 1890 C.

456 1925 493 1953 Ut
513 1933 537 1952 s.

458 1970 488 1998 T.
506 1970 537 1997 C.

463 2460 499 2488 Ut
520 2468 544 2488 s„

407 2505 438 2533 T.
455 2505 502 2540 XI,
521 2505 594 2532 XIII.

466 2729 501 2756 Ut
517 2737 541 2756 s.

431 2773 463 2803 T.
485 2773 581 2801 XXVI.

704 337 877 369 JOANNIS
899 336 1018 367 PAPAE
1040 335 1142 366 XXII.
1168 334 1419 374 (1316-1334).
1441 353 1480 358 --ν
1503 334 1691 365 LITTERAE
1713 333 1941 366 COMMUNES

783 526 920 559 29407.
938 545 977 552 -
991 527 1118 559 Eisdem
1136 527 1308 559 indultum
1324 529 1361 559 ut
1380 529 1418 559 16
1432 527 1560 565 clerici,
1578 527 1685 558 famil.
1702 527 1892 565 domestici,
1913 527 2043 559 fructus
2063 528 2218 560 omnium
2237 527 2349 561 benef.

737 592 889 619 suorum.
905 582 1042 614 etiamsi
1057 583 1077 612 4
1093 590 1135 612 ex
1149 581 1193 613 iis
1212 581 1358 621 majores
1371 581 1407 613 in
1423 580 1676 615 cathedralibus
1689 582 1765 621 post
1780 581 2010 621 episcopalem
2024 582 2078 614 vel
2093 582 2301 622 principales
2315 582 2351 613 in

737 636 929 677 collegiatis
945 636 1027 667 eccl.
1045 635 1230 675 dignitates
1245 634 1433 666 obtineant.
1450 652 1490 657 —
1504 635 1532 666 Ι.
1559 643 1587 666 e.
1610 642 1654 666 m.
1674 643 1750 675 ep.o
1766 634 1950 667 Abrincen.
1967 636 2000 667 et
2018 634 2132 667 abbati
2151 636 2352 668 monasterii

738 700 766 722 s.
787 690 918 722 Juliani
937 690 1122 726 Turonen,
1140 697 1178 719 ac
1195 688 1321 720 decano
1338 687 1418 719 eccl.
1436 687 1605 719 Parisien.
1623 687 1677 728 (A.
1695 689 1747 725 28,
1766 687 1790 719 f.
1809 690 1868 720 196
1884 693 1912 725 ⁸5
1937 687 1969 721 V.
1987 689 2038 726 84,
2053 697 2106 729 ep.
2122 690 2230 728 2713.)

783 740 922 774 29408.
942 761 979 766 -
996 742 1138 773 Instante
1156 741 1261 773 eodem
1277 742 1386 773 comite
1409 750 1503 773 conc.
1527 741 1750 782 indulgentia,
1770 750 1846 782 quae
1865 742 2162 782 proficiscentibus
2181 742 2217 774 in
2237 743 2352 775 Terroe

737 798 868 830 Sanctae
891 796 1086 828 subsidium
1108 796 1248 827 concedi
1270 795 1371 833 solet,
1389 795 1550 827 omnibus
1566 795 1607 827 de
1630 795 1792 827 comitiVa
1810 796 1999 836 supradicti
2020 796 2158 828 comitis
2175 797 2218 828 ad
2238 797 2354 836 partes

738 852 896 884 Granatae
919 851 1037 882 contra
1059 850 1264 882 Sarracenos
1284 858 1320 880 se
1340 848 1640 887 transferentibus,
1661 849 1720 889 qui
1744 849 1779 880 in
1804 849 1963 881 conflictu
1981 849 2191 882 decesserint
2213 851 2272 882 aut
2293 858 2354 890 per

740 913 869 936 annum
886 904 1081 936 servierint.
1099 903 1151 942 (A.
1170 904 1221 940 28,
1242 903 1265 935 f.
1285 905 1342 935 197
1358 908 1387 941 ³3
1412 902 1445 933 V.
1461 904 1513 938 84,
1531 911 1583 943 ep.
1601 902 1709 942 2715.)

784 956 924 989 29409.
944 976 981 981 —-
998 957 1241 999 Arckiepiscopo
1262 956 1432 988 Turonemi
1447 961 1476 987 et
1494 966 1566 998 ep.o
1582 956 1757 988 parisiensi
1773 957 1886 989 mand.
1906 957 1953 994 ut,
1971 957 2098 997 praevia
2114 957 2354 989 informatione

739 1021 843 1052 super
861 1012 1017 1043 nullitate
1035 1011 1222 1052 juramenti
1247 1020 1308 1051 per
1331 1010 1566 1051 supradictum
1587 1011 1746 1042 comitem
1771 1012 1864 1042 metu
1886 1010 2058 1051 quondam
2081 1010 2202 1043 Karoli
2217 1010 2354 1043 comitis

738 1066 884 1104 Valesii,
902 1066 1011 1106 ipsius
1029 1065 1150 1105 patris,
1172 1064 1315 1105 praestiti
1333 1065 1374 1096 de
1391 1063 1614 1096 observandis
1632 1064 1918 1100 ordinationibus,
1938 1073 2013 1104 quae
2031 1064 2072 1095 ab
2092 1064 2212 1096 eodem
2227 1059 2354 1096 Karolo

740 1121 836 1152 factae
853 1120 989 1151 fuerant
1002 1121 1074 1151 tam
1093 1127 1196 1159 super
1223 1118 1323 1150 bonis
1338 1118 1491 1150 Matildis
1508 1118 1548 1149 de
1566 1127 1594 1149 s.
1611 1118 1731 1155 Paulo,
1751 1118 1833 1150 dicti
1848 1118 1968 1150 Karoli
1986 1118 2109 1155 viduae,
2135 1127 2238 1158 quam
2257 1117 2353 1150 nobi-

739 1175 825 1206 lium
845 1174 998 1205 virorum
1014 1173 1145 1211 Karoli,
1163 1172 1300 1204 comitis
1320 1172 1514 1208 Alenconii,
1539 1173 1572 1203 et
1597 1172 1762 1203 Ludovici
1785 1172 1826 1203 de
1848 1172 2002 1208 Valesio,
2027 1172 2180 1212 Philippi
2196 1171 2354 1210 fratrum,

741 1228 867 1260 faciant
881 1227 972 1268 quod
991 1226 1149 1258 suadebit
1162 1226 1309 1267 justitia.
1332 1225 1384 1265 (A.
1399 1227 1451 1263 28,
1469 1226 1492 1257 f.
1510 1227 1568 1257 197
1586 1230 1617 1262 ¹;
1640 1224 1673 1255 V.
1688 1226 1741 1261 84,
1762 1233 1815 1265 ep.
1833 1225 1941 1265 2716.)

787 1278 923 1310 29410.
942 1299 980 1304 -
997 1281 1205 1320 Prorogatur
1223 1280 1265 1312 ad
1281 1279 1459 1311 biennium
1475 1279 1672 1319 adimpletio
1695 1279 1766 1310 voti
1783 1289 1801 1311 a
1818 1288 1850 1310 n.
1867 1288 1898 1311 ν.
1915 1279 2083 1321 Philippo,
2101 1280 2210 1310 comite
2232 1279 2355 1318 Valerii,

742 1335 863 1367 emissi
877 1336 917 1366 de
935 1334 1116 1366 visitandis
1131 1334 1165 1365 b.
1181 1333 1301 1365 Jacobi
1320 1333 1468 1374 apostoli
1488 1333 1682 1364 liminibus.
1698 1333 1752 1374 (A.
1771 1334 1823 1370 28,
1841 1333 1864 1364 f.
1881 1334 1940 1364 187
1957 1332 1988 1370 ¹²3
2011 1333 2047 1364 V.
2066 1334 2117 1371 84,
2138 1342 2190 1374 ep.
2209 1335 2316 1374 2714.)

787 1386 927 1419 29411.
944 1406 981 1411 -
995 1388 1028 1419 E
1028 1398 1084 1429 p.o
1103 1398 1127 1420 s.
1146 1387 1273 1428 papuli,
1291 1392 1321 1418 et
1335 1386 1404 1418 abb.
1421 1387 1638 1418 monasteriis.
1654 1386 1760 1427 Sergii
1770 1386 1984 1428 Andeqaven„
2002 1391 2031 1418 et
2048 1386 2163 1418 decano
2180 1387 2359 1420 Castrinovi

742 1443 779 1474 de
795 1443 903 1480 Arrio,
918 1453 942 1473 s.
961 1442 1081 1483 Populi
1098 1441 1154 1480 di.,
1176 1441 1289 1473 mand.
1308 1449 1370 1482 pro
1387 1441 1580 1482 receptione
1599 1441 1694 1473 Petri
1713 1441 1754 1473 de
1770 1441 1992 1480 Castronovo‚
2009 1441 2089 1473 cler.
2110 1449 2138 1472 s.
2153 1441 2279 1482 Papuli
2295 1440 2356 1479 di.,

741 1497 777 1528 in
793 1498 940 1528 monast.
961 1496 1154 1534 Sorricinii,
1171 1496 1210 1528 O.
1229 1495 1261 1527 S.
1279 1496 1331 1532 B..
1349 1495 1499 1527 Vauren.
1515 1494 1561 1526 di.
1582 1494 1634 1533 (A.
1652 1496 1703 1531 28,
1722 1494 1745 1525 f.
1763 1496 1824 1527 219
1839 1500 1874 1532 ³5
1893 1495 1931 1526 V.
1946 1496 1998 1534 84,
2014 1503 2067 1535 ep.
2085 1496 2195 1536 2822.)

785 1547 926 1580 29412.
941 1568 979 1572 -
994 1548 1155 1581 Galhardo
1168 1549 1206 1580 de
1220 1549 1377 1580 Marciaco
1392 1548 1528 1580 collatio
1544 1557 1664 1580 canon.
1683 1547 1748 1579 sub
1765 1557 1859 1588 exsp.
1877 1548 1981 1589 praeb.
1996 1549 2079 1580 eccl.
2093 1557 2119 1580 s.
2135 1549 2357 1590 Radegundis

743 1605 918 1635 Pictaven.
944 1621 976 1627 —
990 1604 1018 1635 Ι.
1035 1612 1064 1634 e.
1086 1612 1131 1634 m.
1151 1602 1266 1634 abbati
1279 1602 1479 1634 monasterii
1495 1602 1536 1634 de
1552 1602 1716 1634 Candelio
1738 1601 1887 1640 Albion„
1904 1604 1938 1634 et
1953 1603 1994 1634 de
2015 1602 2162 1635 Valhola
2180 1602 2355 1635 pictaven.

742 1667 780 1690 ac
798 1658 838 1689 de
853 1667 882 1689 S.
902 1657 1085 1698 Cypriane,
1101 1657 1268 1688 Sarlaten.
1292 1656 1353 1692 di.,
1378 1655 1563 1696 prioribus.
1585 1655 1638 1696 (A.
1654 1656 1706 1694 28,
1724 1655 1746 1687 f.
1762 1656 1822 1687 296
1841 1661 1872 1693 ι;
1893 1656 1930 1688 V.
1947 1657 1998 1694 84,
2016 1665 2067 1697 ep.
2086 1656 2197 1697 2887.)
2231 1648 2233 1650 ’

787 1709 927 1742 29413.
945 1729 983 1734 -
1000 1709 1163 1742 Bernardo
1174 1710 1284 1747 Fabri,
1306 1709 1387 1741 cler.
1401 1709 1550 1741 Ruthen.
1564 1709 1624 1747 di.,
1641 1718 1734 1741 conc.
1751 1709 1992 1741 tabellionatus
2005 1711 2061 1742 off.
2079 1710 2133 1751 (A.
2147 1711 2198 1748 26,
2211 1710 2234 1742 f.
2252 1711 2313 1742 159
2324 1716 2356 1747 ·;

749 1766 781 1797 V.
800 1767 851 1803 82,
875 1774 927 1805 ep.
955 1764 1060 1803 1023.)

789 1816 926 1848 29414.
943 1836 983 1842 --
1001 1817 1129 1855 Carolo,
1143 1817 1182 1848 R.
1200 1818 1236 1849 F.
1256 1823 1284 1848 et
1305 1817 1361 1855 N.,
1378 1825 1471 1848 conc.
1484 1817 1616 1848 decima
1631 1817 1674 1847 ad
1687 1816 1866 1848 biennium
1878 1817 2033 1849 omnium
2049 1818 2358 1851 ecclesiasticorum

743 1873 940 1905 reddituum
958 1873 993 1903 in
1010 1872 1139 1903 eisdem
1155 1871 1282 1911 regnis.
1300 1871 1354 1910 (A.
1370 1872 1421 1908 28,
1439 1869 1462 1901 f.
1476 1872 1517 1902 50
1533 1875 1567 1907 ¹5
1591 1869 1623 1901 V.
1640 1871 1692 1906 84,
1711 1879 1764 1910 ep.
1778 1871 1860 1902 2409
1875 1872 1930 1910 Α.)

789 1923 928 1956 29415.
949 1943 988 1948 -—-
1007 1925 1177 1966 Arclziep.o
1196 1924 1424 1965 Burdeqalensi
1436 1925 1563 1965 ejusque
1579 1924 1790 1964 suffraganeis
1805 1924 1968 1956 scribitur
1983 1925 2024 1956 de
2041 1924 2139 1956 dictae
2151 1925 2292 1957 decimae
2303 1933 2360 1957 ne-

743 1981 835 2021 gotio
854 1982 887 2012 et
903 1981 944 2011 de
962 1988 1063 2020 poena
1087 1987 1217 2010 excom.
1243 1978 1492 2019 promulganda
1513 1979 1630 2009 contra
1648 1986 1715 2009 non
1738 1978 1924 2015 solventes,
1947 1987 2015 2010 non
2039 1978 2127 2010 obst.
2147 1978 2360 2019 quibuslibet

743 2034 937 2074 privilegiIS
954 2033 1241 2073 quibuscumque,
1265 2032 1462 2072 specialiter
1481 2031 1696 2069 Cisteroien„
1718 2031 2033 2070 Praemonstraten.‚
2052 2032 2264 2071 Cluniacen.,
2280 2032 2361 2065 Car-

742 2089 869 2120 tusien.
888 2089 921 2119 et
937 2087 1220 2120 Grandimonten.
1243 2085 1421 2117 ordinibus
1445 2086 1630 2117 concessis.
1649 2085 1701 2126 (A.
1719 2086 1771 2123 28,
1791 2085 1815 2117 f.
1837 2087 1874 2117 51
1888 2091 1921 2123 Ι,
1955 2085 1991 2118 V.
2008 2087 2060 2124 84,
2078 2095 2130 2127 ep.
2147 2087 2230 2119 2409
2243 2086 2297 2127 Β.)
2317 2103 2360 2111 -

742 2143 782 2174 In
800 2151 828 2174 e.
848 2152 893 2173 m.
910 2141 1086 2179 Remensi,
1105 2141 1288 2178 senonen,
1311 2139 1520 2177 Narbonen.,
1543 2140 1757 2180 Lugdunen.,
1777 2140 1952 2178 Tolosam,
1977 2140 2239 2181 Rothomagen.,
2260 2140 2360 2173 Bitu-

743 2196 861 2232 ricen„
887 2196 1071 2230 Turonen.,
1098 2194 1262 2226 Auxitan.
1291 2193 1559 2234 archiepiscopis
1587 2202 1774 2233 eorumque
1803 2193 2042 2234 suffraganeis,
2061 2203 2099 2225 ac
2118 2193 2312 2226 Parisiensi
2326 2195 2361 2226 et

744 2250 924 2281 Belvacen.
947 2249 1048 2289 ep.is,
1063 2249 1164 2288 atque
1183 2247 1297 2279 abbati
1315 2249 1462 2279 monast.
1482 2256 1510 2278 s.
1527 2246 1689 2287 Dionysii
1707 2247 1743 2278 in
1758 2247 1914 2284 Francia,
1937 2247 2148 2279 parisiensis
2165 2247 2212 2279 di.
2240 2247 2292 2286 (A.
2307 2248 2361 2285 28,

744 2304 766 2334 t'.
785 2305 827 2335 52
842 2309 855 2324 ³
871 2305 904 2334 et
921 2302 954 2339 b;
981 2302 1017 2334 V.
1035 2303 1087 2340 84,
1105 2310 1158 2342 ep.
1179 2303 1260 2333 2409
1275 2301 1328 2341 C.)
1344 2320 1380 2324 —
1398 2301 1436 2332 In
1453 2310 1482 2333 e.
1502 2310 1547 2332 m.
1564 2300 1801 2341 Pampilonen.
1819 2303 1852 2333 et
1867 2301 2023 2333 Anicien.
2041 2301 2222 2342 episcopis.
2239 2301 2293 2341 (A.
2307 2302 2359 2338 28,

743 2357 767 2388 f.
788 2358 827 2389 53
845 2362 858 2378 ἃ
876 2358 908 2388 et
925 2358 965 2388 54
983 2361 1013 2393 ²3
1041 2356 1077 2387 V.
1095 2357 1146 2393 84,
1163 2364 1217 2395 ep.
1235 2356 1316 2387 2409
1332 2355 1362 2386 D
1382 2356 1414 2386 et
1426 2354 1480 2392 E.)
1497 2371 1534 2375 —-
1549 2355 1589 2386 In
1602 2363 1631 2385 e.
1649 2363 1696 2386 m.
1715 2354 1888 2386 universis
1904 2354 2170 2395 archiepiscopis
2183 2356 2218 2387 et
2232 2355 2361 2395 episco—

744 2411 799 2451 pis
818 2419 878 2450 per
895 2419 999 2450 regna
1015 2409 1167 2442 Franciae
1182 2411 1215 2440 et
1234 2409 1396 2440 Navarrae
1415 2408 1622 2440 constitutis.
1639 2408 1693 2449 (A.
1712 2408 1763 2446 28,
1781 2407 1805 2439 f.
1823 2409 1863 2440 54
1879 2413 1909 2446 ·;
1933 2408 1969 2440 V.
1987 2409 2040 2446 84,
2058 2417 2110 2449 ep.
2129 2410 2211 2441 2409
2225 2409 2281 2449 F.)

792 2461 931 2493 29416.
952 2482 988 2487 -
1010 2463 1158 2504 Philippo
1179 2462 1217 2494 de
1237 2462 1358 2493 Mation
1376 2462 1487 2494 collat.
1509 2470 1627 2495 canon.
1653 2462 1717 2493 sub
1739 2470 1836 2502 exsp.
1858 2461 1963 2502 praeb.
1982 2462 2062 2494 eccl.
2087 2471 2115 2494 s,
2138 2462 2279 2494 Martini
2296 2462 2360 2495 Go-

745 2517 964 2555 lumbarien.‚
984 2517 1148 2548 Basilien.
1171 2516 1217 2547 di.
1225 2525 1234 2553 3
1260 2524 1328 2547 non
1348 2515 1435 2547 obst.
1459 2515 1624 2553 cantoria,
1649 2524 1686 2546 ac
1709 2523 1828 2547 canon.
1851 2516 1885 2547 et
1906 2514 2009 2555 praeb.
2028 2515 2064 2546 in
2081 2515 2162 2548 eccl.
2181 2516 2360 2554 Werden.‚

747 2571 1023 2602 Constantiensis
1043 2571 1104 2608 di.,
1127 2571 1160 2602 et
1185 2570 1243 2601 lite
1269 2578 1372 2610 super
1391 2569 1472 2601 eccl.
1496 2569 1531 2600 in
1554 2569 1726 2609 Titingen,
1749 2568 1982 2600 Lausanensis
1999 2569 2044 2600 di.
2063 2586 2103 2592 —
2118 2569 2144 2601 Ι.
2164 2578 2193 2601 e.
2213 2578 2260 2600 m.
2281 2569 2360 2602 abb.

746 2626 893 2656 monast.
914 2625 948 2655 in
962 2624 1117 2661 Lutzela,
1135 2625 1168 2655 et
1186 2632 1288 2664 praep.
1308 2623 1344 2654 in
1356 2623 1584 2663 Heilgenstat‚
1600 2622 1766 2654 Basilien.
1782 2623 1816 2654 et
1830 2622 2020 2662 Magantia.
2037 2622 2097 2661 di.,
2116 2632 2154 2654 ac
2173 2631 2263 2664 mag.
2282 2624 2362 2656 Am-

745 2677 863 2709 brosio
879 2678 921 2709 de
939 2677 1143 2715 Mediolano,
1161 2686 1233 2708 can.
1253 2676 1480 2708 Mediolanen.
1501 2676 1583 2708 ecel.
1601 2676 1654 2716 (A.
1670 2677 1722 2713 28,
1740 2675 1764 2706 f.
1781 2677 1816 2707 71
1835 2680 1865 2712 ⁸3
1889 2675 1926 2707 V.
1942 2676 1993 2712 84,
2010 2684 2063 2716 ep.
2083 2677 2189 2716 2459.)

794 2727 931 2760 29417.
956 2748 995 2754 -
1024 2731 1191 2772 Ανεήίερ.ο
1220 2729 1398 2762 Coloniensi
1423 2730 1537 2762 mand.
1565 2731 1602 2761 ut
1623 2728 1832 2762 Godescalco
1860 2729 1901 2760 de
1927 2728 2085 2769 Kirberg,
2113 2729 2252 2762 scolast.
2278 2730 2359 2763 eccl.

746 2784 955 2822 Bunnensis,
976 2784 1153 2816 Colonien.
1179 2784 1238 2820 di.,
1260 2785 1291 2815 et
1312 2783 1569 2815 successoribus
1588 2783 1663 2822 ejus
1683 2782 1888 2822 scolasticis,
1909 2783 2071 2814 concedat
2091 2783 2287 2815 facultatem
2302 2783 2361 2816 eli·

746 2838 858 2879 gendi,
878 2838 1082 2869 instituendi
1104 2839 1137 2869 et
1155 2837 1292 2869 creandi
1310 2837 1537 2869 communiter
1553 2838 1586 2868 et
1603 2836 1745 2867 divisim
1762 2845 1832 2868 una
1849 2845 1926 2868 cum
1945 2845 2063 2877 praep„
2082 2837 2209 2869 decano
2225 2839 2258 2869 et
2275 2838 2295 2868 4
2311 2845 2362 2869 ca-

746 2892 880 2925 nonicis
898 2892 980 2924 eccl.
999 2891 1205 2932 supradictae
1224 2890 1458 2931 antiquissimi
1481 2890 1792 2926 administratores,
1812 2890 2050 2930 pensionarios
2067 2892 2100 2922 et
2121 2892 2270 2923 rectores
2289 2899 2362 2923 cur-

746 2947 847 2983 tium,
869 2946 1079 2978 decimarum
1096 2946 1129 2977 et
1146 2945 1338 2976 officiorum
1355 2944 1464 2985 ejusd.
1482 2944 1563 2976 eccl.
1583 2944 1633 2984 (A.
1649 2944 1702 2982 28,
1718 2944 1741 2976 f.
1759 2944 1799 2975 88
1813 2949 1842 2982 ὃ,
1864 2943 1898 2975 V.
1917 2945 1968 2983 84,
1988 2953 2041 2985 ep.
2058 2945 2140 2977 2494
2147 2954 2156 2981 3
2174 2944 2363 2976 Sauerland

750 2998 983 3040 (Ιέὴείηἰαηᾱε),
999 3000 1024 3031 t.
1045 2999 1089 3038 ΙΙ,
1106 3008 1137 3040 p.
1153 3000 1205 3037 55,
1225 3007 1258 3029 n.
1281 2999 1386 3037 1238.)
