2540 3496
338 347 398 377 294

372 436 474 463 Datum
492 428 674 462 Avenione.

402 641 440 669 26
460 648 527 674 auo.
552 638 637 666 1326.

409 686 463 721 (vn
476 683 534 711 kal.
549 683 634 717 sept.)

449 729 478 756 T.
496 727 588 755 XXIV.

485 959 518 987 Ut
536 967 558 985 s.

445 1004 475 1031 T.
490 1003 591 1030 LXXX.

481 1333 515 1359 [tt
532 1341 554 1359 s.

403 1652 442 1680 27
457 1660 523 1686 auq.
545 1651 631 1679 1326.

409 1697 451 1732 (VI
472 1696 529 1724 kal.
547 1697 634 1731 sept.)

452 1742 482 1768 T.
503 1741 583 1768 XXX.

481 1814 514 1840 L‘t
530 1821 552 1840 S.

465 1858 495 1884 T.
514 1857 568 1886 XL.

476 1974 512 2001 Ut
532 1982 555 2000 s.

388 2019 418 2046 T.
436 2019 530 2051 XXIV,
547 2018 641 2044 XXVI.

482 2348 516 2375 Ut
534 2356 558 2375 s,

458 2393 487 2419 T.
509 2392 578 2419 XVI.

480 2455 514 2482 Ut
531 2463 553 2482 S.

467 2500 497 2526 T.
520 2500 574 2526 XL.

480 2614 515 2642 Ut
530 2623 553 2641 s.

482 2883 515 2908 Ut
536 2890 559 2909 s.

451 2927 480 2953 T.
502 2927 581 2953 XXX.

737 338 910 370 JOANNIS
936 336 1051 367 PAPAE
1073 335 1174 366 XXII.
1199 334 1446 374 (1316-1334).
1471 349 1508 354 —
1532 329 1718 361 LITTERAE
1741 328 1968 360 COMMUNES

763 529 847 559 foris
869 535 984 558 muros
1003 525 1105 557 Urbis
1124 527 1156 555 ct
1180 524 1220 555 de
1242 522 1421 561 Falanpin,
1441 522 1628 552 'fornacem
1646 519 1705 557 di..
1726 521 1873 551 monast.
1897 519 2094 560 abbatibus,
2109 528 2148 552 ac
2164 520 2309 561 Agapito
2327 520 2368 552 de

763 582 968 620 Colunipna‚
986 578 1112 610 archid.
1132 575 1378 608 Lomberiensi.
1404 574 1455 612 (A.
1474 575 1525 608 31,
1547 574 1570 605 f.
1592 574 1652 605 442
1665 573 1698 609 ι·;
1722 573 1758 605 V.
1778 574 1830 611 88,
1849 573 1873 605 f.
1892 575 1950 604 217
1964 578 1988 610 ⁸,
2007 582 2060 614 ep.
2079 573 2187 614 3571.)

809 630 944 662 26334.
964 650 999 654 -
1013 631 1215 671 Huyoniep.o
1233 628 1399 659 l'arisiensi
1418 627 1530 659 mand.
1547 628 1596 663 ut,
1614 627 1643 657 si
1655 626 1730 658 fieri
1745 627 1883 667 poterit,
1901 626 2056 658 absolvat
2069 635 2102 658 n.
2122 636 2154 659 V.
2171 626 2370 667 Philippum

764 687 922 718 comitem
953 685 1082 716 Valesii
1107 693 1126 714 a
1143 683 1336 723 jin-amento
1361 690 1420 721 per
1443 681 1557 721 ipsum
1579 680 1731 720 praestito
1758 680 1799 711 de
1823 679 2036 712 observanda
2058 680 2284 721 dispositione
2309 688 2371 720 per

765 740 934 779 quondam
951 737 1121 773 Carolum,
1141 736 1299 767 comitem
1314 734 1456 774 valesii,
1478 734 1588 773 ipsius
1605 734 1748 774 patrem,
1769 733 1856 765 facta
1874 733 1915 765 de
1934 733 2035 766 bonis
2052 733 2279 766 haereditariis
2296 733 2371 766 suis

764 793 852 823 inter
869 792 1025 823 eumdem
1042 790 1241 829 Philippum
1267 790 1300 820 et
1322 788 1483 820 Carolum
1502 787 1657 827 aliosque
1681 786 1809 818 liberos
1827 796 1865 818 ac
1878 787 1988 827 eJusd.
2003 787 2109 827 patris
2127 795 2270 820 uxorem
2285 787 2371 819 divi-

762 846 899 882 dendis3
917 854 991 885 quae
1008 844 1146 884 quidem
1161 842 1285 873 divisio
1306 844 1382 881 post
1397 843 1542 872 mortem
1558 841 1669 880 ipsius
1684 841 1806 880 patris,
1825 840 1999 872 amicabili
2016 841 2214 873 eorumdem
2233 849 2371 873 concor-

765 900 832 936 dia,
849 899 951 930 certis
968 899 1078 929 modis
1098 899 1130 928 et
1147 897 1268 927 formis
1287 895 1398 926 extitit
1417 895 1608 925 immutata.
1627 893 1680 933 (Α.
1704 895 1756 932 25,
1774 894 1796 925 f.
1816 895 1878 926 408
1890 899 1921 931 ²3
1944 893 1978 926 V.
1995 894 2047 932 81,
2068 903 2122 934 ep.
2138 895 2247 934 2420.)

808 949 943 981 26335.
962 958 1001 974 -·
1016 950 1193 983 Ordinatio
1208 958 1267 989 per
1287 957 1388 988 quam
1404 948 1591 988 capitulum
1613 947 1693 979 eccl.
1720 956 1747 978 s.
1773 947 1889 979 Pontii
1905 947 2168 980 Thomeriarum
2185 956 2223 979 ac
2238 946 2373 988 priores

763 1007 989 1046 prioratuum,
1006 1005 1070 1036 eid.
1089 1004 1169 1035 eccl.
1194 1002 1437 1042 subjectorum,
1455 1001 1495 1033 O.
1515 1002 1549 1033 S.
1570 1001 1623 1038 B„
1643 1009 1680 1032 ac
1701 1000 1760 1032 alii
1781 999 1973 1033 beneficiati
1988 1000 2096 1041 ejusd.
2114 1001 2196 1033 eccl.
2213 1001 2372 1033 tenentur

764 1060 804 1091 de
823 1058 982 1091 omnibus
1008 1057 1229 1098 proventibus
1253 1064 1371 1087 eorum
1386 1055 1588 1092 ecclesiast..
1610 1063 1677 1086 non
1696 1054 1852 1086 deductis
1865 1056 2093 1094 proventuum
2110 1054 2284 1093 oneribus,
2304 1053 2371 1086 sol-

762 1122 839 1144 vere
856 1115 889 1144 et
905 1113 985 1143 dare
1000 1112 1163 1142 decimam
1182 1111 1360 1149 integram,
1376 1108 1483 1139 semel
1499 1109 1687 1145 dumtaxat,
1703 1107 1898 1140 Raimundo
1914 1117 1989 1148 ep.o
2005 1117 2031 1139 s.
2044 1108 2159 1140 Pontii
2174 1106 2371 1140 Thomeria·

762 1176 850 1201 rum,
869 1175 930 1205 pro
949 1165 1103 1196 subsidio
1125 1164 1190 1203 ipsi
1206 1172 1266 1203 per
1290 1163 1328 1193 P.
1350 1162 1385 1193 P.
1407 1161 1535 1193 dudum
1554 1170 1734 1198 concesso;
1751 1170 1828 1192 cum
1846 1161 2062 1194 absolutione
2080 1161 2123 1192 ad
2138 1161 2306 1193 cautelam
2327 1159 2373 1192 ab

763 1229 892 1252 excom.
912 1229 971 1259 per
993 1219 1101 1249 dictos
1117 1217 1217 1256 capit.
1237 1218 1269 1247 et
1287 1216 1421 1256 priores
1439 1215 1481 1247 ob
1498 1223 1564 1247 non
1583 1215 1790 1246 solutionem
1808 1215 1890 1246 dicti
1908 1214 2057 1246 subsidii
2079 1215 2227 1246 incursa.
2247 1214 2300 1253 (A.
2318 1214 2370 1250 2³,

761 1274 784 1305 f.
802 1275 861 1305 505
880 1279 910 1310 ³3
931 1273 966 1304 V.
983 1273 1034 1310 81,
1055 1280 1107 1310 ep.
1123 1269 1228 1310 2603.)

807 1324 942 1356 26336.
966 1343 1002 1348 ——
1031 1324 1217 1355 Theoderico
1235 1322 1271 1354 de
1286 1323 1435 1361 Essenole,
1461 1322 1533 1354 cler.
1558 1322 1718 1355 Colonien.
1736 1323 1792 1358 di„
1816 1322 2012 1363 indulgetur
2032 1323 2070 1354 ut
2091 1330 2200 1362 usque
2217 1321 2259 1353 ad
2273 1321 2372 1362 quin·

762 1381 948 1421 quennium
969 1379 1099 1410 fructus
1117 1387 1235 1409 canon.
1259 1379 1291 1408 et
1307 1376 1410 1417 praeb.
1437 1385 1465 1407 s.
1489 1377 1636 1408 Andreae
1658 1376 1835 1408 Colonien.
1856 1377 1890 1407 et
1916 1375 2086 1414 Zeflicen.,
2113 1375 2290 1407 colonien.
2309 1375 2373 1413 di..

763 1435 843 1466 eccl.
872 1443 979 1473 nuper
1004 1433 1071 1472 ipsi
1098 1432 1310 1468 collatorum,
1342 1431 1473 1471 integre
1502 1430 1668 1470 percipiat
1691 1430 1820 1470 absque
1847 1429 2047 1467 residentia,
2065 1437 2168 1461 causa
2189 1428 2307 1461 studii.
2331 1444 2372 1452 —

762 1507 799 1512 —
817 1489 842 1519 Ι.
861 1497 889 1518 e.
908 1496 951 1518 m.
975 1496 1001 1517 s.
1017 1496 1043 1517 s.
1063 1485 1304 1525 Apostolorum
1323 1486 1356 1516 et
1371 1494 1399 1515 s.
1418 1484 1555 1524 Georgii
1572 1484 1790 1516 coloniensis
1805 1483 1957 1521 scolast„
1977 1492 2014 1515 ac
2028 1482 2155 1515 Jacobo
2168 1483 2209 1514 de
2227 1482 2372 1521 Mutina.

762 1551 834 1573 can.
864 1542 1077 1572 Cameracen.
1104 1539 1198 1576 eccl„
1226 1539 1327 1578 Papae
1343 1538 1530 1578 capellano.
1554 1537 1607 1578 (V.
1632 1539 1670 1569 81
1693 1539 1715 1573 ¹,
1738 1547 1791 1578 ep.
1814 1538 1914 1575 27743
1935 1537 2125 1569 Sauerland
2141 1535 2372 1577 (Bheinlande),

762 1605 794 1626 n.
813 1597 901 1631 1036,
919 1604 950 1634 p.
966 1595 1052 1632 465.)

809 1646 943 1678 26337.
964 1666 1001 1670 —
1022 1646 1198 1678 [wimundo
1219 1646 1410 1687 patriarchae
1432 1645 1684 1677 Jerosolimitano
1710 1644 1811 1676 facul.
1834 1640 2033 1676 conferendi
2047 1644 2292 1676 tabellionatus
2315 1644 2372 1676 off.

761 1712 794 1733 iv
810 1703 889 1734 cler.
908 1711 973 1733 non
990 1701 1179 1741 conjugatis
1197 1709 1257 1731 nec
1273 1700 1308 1730 in
1325 1700 1433 1731 sacris
1449 1700 1521 1731 ord.
1538 1699 1744 1731 constitutis.
1767 1699 1821 1738 (A.
1842 1700 1892 1737 24,
1912 1699 1936 1729 f.
1955 1700 2015 1730 119
2030 1698 2060 1736 ¹³3
2080 1698 2116 1730 V.
2134 1698 2186 1735 80,
2201 1706 2253 1739 ep.
2269 1698 2374 1739 ¹532.)

808 1806 942 1837 26338.
961 1826 1000 1830 -
1018 1807 1204 1848 Archiep.us
1220 1806 1388 1842 Nicosien„
1410 1805 1552 1846 Paphen.
1572 1809 1600 1835 et
1624 1805 1847 1845 Famayustan.
1864 1805 1929 1846 ep.i
1953 1804 2077 1836 dantur
2096 1806 2133 1836 ut
2147 1804 2278 1845 ,iudicet
2294 1813 2371 1837 oon-

761 1863 954 1893 servatores
973 1862 1014 1892 ad
1033 1860 1306 1901 quinquennium
1322 1859 1516 1891 Raimundo
1537 1859 1736 1900 patriarchae
1753 1858 2033 1890 Jerosolimitano
2049 1859 2083 1890 et
2100 1857 2374 1891 administratori

760 1916 840 1947 eccl.
859 1915 1098 1946 Nimociensis.
1117 1914 1168 1953 (A.
1187 1915 1239 1951 24,
1253 1914 1275 1944 f.
1295 1915 1354 1946 109
1374 1913 1406 1951 1’3
1428 1913 1464 1944 V.
1482 1914 1533 1950 81,
1552 1922 1605 1952 ep.
1622 1914 1701 1945 1899
1717 1913 1769 1951 Β.)

806 1967 940 1998 26339.
952 1987 989 1991 —
1003 1968 1176 1999 Raimunclo
1187 1967 1376 2009 patriarchae
1383 1966 1647 1998 Jerosolimitano.
1656 1967 1783 1999 Unitur
1793 1974 1920 1997 mensae
1930 1975 1999 1997 suae
2011 1965 2241 2006 patriarchali,
2251 1974 2371 2007 quam-

761 2024 820 2054 diu
835 2025 948 2054 tamen
965 2022 1139 2062 praefuerit
1154 2022 1235 2053 eccl.
1255 2030 1324 2053 suae
1342 2021 1630 2052 Jerosolimitanae
1646 2030 1665 2051 a
1684 2020 1883 2053 Sarracenis
1901 2021 2082 2060 occupatae,
2106 2019 2251 2052 ecclesia
2265 2028 2295 2051 s.
2311 2019 2372 2052 Se-

760 2077 892 2117 pulchri
916 2077 956 2108 de
977 2076 1257 2116 Aquapendente,
1279 2075 1500 2107 Urbevetanae
1524 2074 1582 2112 di„
1608 2083 1668 2114 per
1693 2083 1766 2105 can.
1790 2073 1900 2113 ejusd.
1921 2073 2001 2105 eccl.
2024 2072 2312 2106 Jerosolimitanae
2331 2081 2372 2106 ac

760 2131 883 2161 fratres
901 2130 1077 2169 Sepulchri
1099 2129 1283 2167 Dominici‚
1304 2137 1364 2168 per
1387 2129 1536 2168 priorem
1562 2130 1594 2159 et
1611 2128 1712 2167 capit.
1735 2127 1844 2167 ipsius
1859 2126 2147 2158 Jerosolimitanae
2167 2126 2248 2158 eccl.
2266 2126 2372 2168 depu-

760 2185 859 2220 tatos,
876 2183 978 2214 solita
993 2183 1071 2223 gub.
1087 2185 1119 2214 et
1138 2183 1228 2222 apud
1248 2183 1281 2215 S.
1299 2183 1339 2213 A.
1357 2191 1417 2222 per
1432 2182 1617 2213 consecrat.
1635 2181 1666 2214 b.
1684 2190 1750 2212 me.
1765 2179 1960 2212 Franscisci
1977 2180 2046 2220 ep.i
2062 2180 2217 2212 Firmani
2233 2188 2381 2219 vacans„

760 2256 797 2260 -
814 2238 839 2268 Ι.
858 2246 886 2268 e.
904 2246 948 2268 m.
966 2246 993 2268 s.
1010 2236 1131 2276 Papuli
1149 2239 1181 2268 et
1199 2236 1447 2277 Appamiarum
1464 2236 1563 2276 ep.is,
1585 2245 1621 2266 ac
1637 2235 1763 2266 archid.
1782 2234 1950 2266 Alnisien.
1969 2234 2005 2265 in
2025 2234 2106 2266 eccl.
2123 2234 2370 2267 Xanctonensi.

760 2292 812 2331 (A.
826 2293 877 2327 25,
892 2291 915 2322 f.
949 2292 1009 2322 393
1027 2291 1055 2327 ¹›;
1078 2290 1113 2321 V.
1132 2292 1183 2327 81,
1204 2299 1255 2330 ep.
1272 2291 1378 2329 2406.)

805 2341 944 2374 26340.
966 2362 1004 2366 —-
1019 2344 1132 2374 Eidem
1147 2344 1284 2375 licentia
1301 2343 1461 2375 testandi.
1480 2343 1532 2384 (A.
1551 2344 1602 2379 25,
1620 2342 1642 2373 f.
1660 2344 1719 2374 396
1736 2342 1766 2379 b;
1792 2342 1825 2373 V.
1840 2343 1891 2377 81,
1910 2351 1962 2382 ep.
1981 2342 2088 2381 2407.)
2143 2364 2147 2367 -

807 2448 942 2480 26341.
963 2468 999 2472 --
1018 2450 1130 2481 Eidem
1146 2450 1290 2481 facultas
1306 2449 1526 2481 contrahendi
1545 2450 1703 2480 mutuum
1721 2450 1801 2480 2000
1820 2449 1892 2480 flor.
1908 2448 1982 2479 auri
1998 2449 2070 2480 tam
2087 2457 2148 2488 pro
2166 2448 2240 2479 suis
2255 2456 2371 2481 neces-

761 2504 862 2535 sariis
880 2513 980 2543 quam
998 2513 1067 2535 suae
1081 2504 1368 2535 Jerosolimitanae
1384 2505 1416 2534 et
1431 2503 1662 2535 Nimociensis
1678 2502 1757 2534 eccl.
1774 2502 1921 2542 negotiis
1936 2502 2026 2542 apud
2039 2502 2073 2534 S.
2088 2502 2128 2534 A.
2147 2501 2279 2534 utiliter
2293 2511 2370 2543 pro-

761 2558 949 2589 movendis.
971 2558 1024 2598 (A.
1040 2559 1090 2597 25,
1109 2558 1132 2588 f.
1151 2558 1212 2589 399
1228 2563 1259 2595 a;
1284 2557 1315 2589 V.
1336 2559 1387 2594 81,
1407 2566 1458 2596 ep.
1476 2557 1583 2595 2409.)

807 2608 941 2640 26342.
960 2628 997 2632 -
1017 2611 1139 2651 Huqoni
1149 2612 1217 2652 reqi
1231 2611 1331 2653 Cypri
1344 2611 1533 2642 hortatoria
1546 2611 1583 2641 ut
1595 2611 1677 2642 6000
1689 2609 1917 2641 bisantiorum
1931 2609 2063 2650 argenti
2077 2609 2120 2641 cl.
2139 2618 2206 2641 me.
2220 2609 2369 2642 Hem-ico

759 2665 830 2704 regi
846 2665 960 2704 Cypri,
977 2665 1087 2704 ipsius
1103 2666 1235 2704 patruo,
1252 2665 1292 2696 de
1313 2664 1456 2696 decimis
1479 2663 1724 2695 sexennalibus
1747 2664 1788 2694 ad
1805 2664 1846 2695 R.
1868 2664 1906 2695 E.
1925 2662 2159 2703 spectantibus
2173 2671 2233 2703 per
2249 2662 2282 2694 b.
2300 2671 2368 2695 me.

759 2719 778 2749 J
782 2727 925 2749 oannem
943 2718 1197 2750 Nimociensem
1212 2727 1327 2759 epum
1342 2719 1509 2756 mutuata,
1527 2718 1659 2758 integre
1678 2717 1837 2748 restituat
1854 2717 2049 2749 Raimundo
2064 2716 2262 2757 patriarchae
2277 2716 2372 2749 Jero-

761 2771 958 2802 solimitano
979 2773 1011 2803 et
1031 2772 1300 2803 administratori
1321 2772 1402 2804 eccl.
1429 2771 1661 2804 Nimociensis
1677 2771 1736 2811 qui
1758 2770 1877 2802 nuntio
1900 2772 2007 2810 apost.
2025 2770 2093 2802 illa
2103 2770 2220 2802 statim
2236 2770 2370 2803 solvere

761 2827 907 2856 tenetur.
927 2826 979 2865 (A.
996 2827 1047 2863 25,
1065 2825 1087 2857 f.
1104 2827 1162 2857 401
1184 2825 1216 2863 1³;
1238 2826 1273 2856 V.
1286 2827 1337 2863 81,
1353 2835 1404 2866 ep.
1419 2827 1526 2865 2411.)

807 2875 944 2907 26343.
968 2896 1005 2900 -
1031 2878 1201 2909 Praedictus
1216 2879 1410 2910 Raimundus
1428 2879 1591 2911 eximitur
1609 2888 1628 2910 a
1645 2878 1883 2919 jurisdictione
1909 2877 2084 2918 archiep.i‚
2108 2877 2209 2918 capit.
2233 2878 2266 2908 et
2286 2877 2369 2909 eccl.
2397 2863 2403 2869 ι
2443 2859 2445 2861 ¹

761 2932 945 2970 Nicosien.‚
965 2933 1218 2972 metropolitani
1236 2934 1346 2973 ipsius
1365 2934 1444 2965 eccl.
1460 2933 1651 2966 Nimocien.
1669 2933 1722 2970 (A.
1744 2933 1795 2969 25,
1813 2932 1836 2963 f.
1852 2933 1911 2964 407
1928 2937 1957 2969 ἃ,
1978 2931 2003 2962 V
2029 2932 2082 2968 81,
2097 2940 2150 2972 ep.
2167 2932 2274 2971 2427.)

794 3050 816 3075 1.
833 3050 868 3075 In
885 3050 1015 3081 margine
1031 3049 1139 3081 legitur
1155 3057 1160 3074 :
1180 3059 1189 3072 ι
1208 3050 1315 3075 Cassam
1332 3050 1364 3075 de
1379 3051 1505 3076 mandato
1521 3050 1579 3076 dmi
1594 3049 1808 3076 vicecancellarii.
1826 3059 1836 3073 ι
