2540 3496
228 414 334 441 Datum
352 408 536 442 Avenione.

264 621 305 649 20
324 623 394 649 maii
412 622 501 650 1326.

260 668 329 700 (xm
347 666 406 694 kal.
423 666 501 702 jun.)

284 711 315 738 T.
335 711 408 743 XIII,
421 712 479 738 XV.

345 837 381 864 Ut
402 846 426 865 s.

282 882 312 908 T.
335 882 407 915 XIII,
428 882 474 909 XV

340 1049 375 1076 Ut
394 1058 417 1076 s.

280 1094 310 1121 T.
328 1094 401 1127 XIII,
421 1095 478 1122 XV.

340 1264 374 1292 [t
394 1273 418 1292 s.

313 1309 344 1336 T.
362 1309 444 1337 XXII.

339 1910 375 1938 Ut
392 1918 415 1937 s.

283 1955 314 1982 T.
334 1955 379 1988 XI,
400 1955 472 1982 XIII.

337 2072 373 2100 Ut
393 2080 417 2100 s.

279 2117 309 2143 T.
331 2117 377 2151 XI,
395 2118 466 2144 XIII.

336 2286 371 2314 Ut
390 2294 414 2313 s.

285 2329 316 2356 Τ.
334 2330 379 2364 xi,
396 2330 467 2357 xm.

339 2446 372 2474 Ut
390 2455 413 2474 s.

284 2490 314 2518 T.
332 2491 378 2524 XI,
394 2492 466 2519 XIII.

336 2661 371 2690 Ut
387 2671 412 2689 s.

283 2705 314 2733 Τ.
331 2706 377 2740 XI,
391 2706 462 2734 XIII.

337 2929 370 2956 Ut
391 2938 413 2956 s.

282 2973 313 2999 T.
331 2973 376 3006 XI,
394 2973 464 3000 XIII.

594 322 768 354 JOANNIS
792 322 915 353 PAPAE
938 322 1039 353 XXII.
1066 325 1315 361 (1316-1334).
1339 340 1378 344 -—
1400 321 1587 351 LITTERAE
1611 319 1838 351 COMMUNES
2186 323 2244 352 199

630 518 739 555 apost.
765 517 932 555 expectet.
951 532 989 537 —
1014 515 1038 546 1.
1064 524 1091 546 e.
1122 523 1167 544 ni.
1187 513 1264 545 abb.
1292 515 1325 544 et
1354 513 1481 544 Busolo
1513 513 1672 553 supradic
1690 512 1732 550 is,
1752 521 1789 543 ac
1817 512 1970 544 Ottotino
1998 512 2038 543 de
2067 513 2240 553 Pergamo.

631 569 831 608 Aquilegen.
852 578 926 600 can.
944 568 1025 599 eccl.
1044 567 1097 605 (A.
1123 569 1175 604 25,
1197 567 1218 598 f.
1237 568 1297 598 356
1315 572 1344 603 ι;
1369 566 1401 596 V.
1418 568 1469 600 81.
1488 575 1540 606 ep.
1561 567 1666 604 2217.)

675 619 808 651 25398.
825 639 863 645 —
876 621 1026 652 Febusino
1040 621 1075 651 de
1091 621 1134 651 La
1149 620 1247 651 Turre
1262 620 1399 652 collatio
1418 628 1535 651 canon.
1553 621 1587 651 et
1602 619 1706 660 praeh.
1723 619 1803 651 eccl.
1821 619 2038 660 Aquilegen.,
2056 628 2127 651 vac.
2148 621 2184 651 ut
2200 629 2242 657 s.‚

631 685 694 706 non
714 677 802 706 obst.
820 676 910 716 quod
926 676 958 706 in
977 675 1058 706 eccl.
1077 674 1249 705 Tervisin.
1268 673 1498 704 canonicalem
1516 673 1619 713 praeb.
1640 674 1807 713 expectet.
1824 691 1862 696 -
1883 673 1910 704 I.
1932 681 1960 704 e.
1977 681 2024 704 m.
2043 673 2157 705 abbati
2173 682 2242 704 mo-

630 731 716 761 nast.
738 730 917 765 ltosacen„
935 730 967 760 et
982 729 1109 760 decano
1129 728 1323 764 elvitaten„
1349 727 1551 766 Aquilegen.
1570 727 1630 764 di.,
1648 736 1686 758 ac
1708 726 1836 758 Busolo
1855 726 1895 758 de
1923 727 2046 758 Parma
2065 735 2137 758 can.
2162 727 2243 758 Τοπ-

631 791 747 813 nacen.
764 783 861 819 eccl.,
880 783 979 822 Papae
997 791 1070 824 cap.
1090 782 1140 820 (A.
1161 782 1211 818 25,
1228 781 1249 811 t'.
1268 782 1327 811 347
1342 780 1372 816 ¹³;
1397 780 1430 810 V.
1444 782 1496 816 81,
1511 789 1563 820 ep.
1581 781 1686 820 2319.)

675 833 813 866 25399.
825 835 1027 866 -Joarmolo
1042 835 1079 865 de
1097 834 1140 864 La
1156 834 1249 864 Turre
1261 834 1375 864 collat.
1388 834 1538 873 plurium
1552 842 1671 864 canon.
1684 835 1717 864 et
1728 833 1830 873 praeb.
1841 834 1922 865 eccl.
1934 834 2128 869 civitaten,
2140 835 2242 875 Aqui-

629 890 737 929 legen.
755 890 815 926 di.,
833 890 870 920 ut
884 898 911 920 s.
930 898 1022 924 vac.;
1043 897 1109 919 non
1129 887 1217 918 obst.
1241 887 1331 927 quod
1351 887 1385 917 in
1405 887 1487 917 eccl.
1508 887 1698 927 Aquilegen
1722 887 1952 918 canonicalem
1974 888 2165 927 portionem
2187 897 2243 919 ex-

627 944 749 983 pectet.
762 960 800 966 —
817 942 843 973 I.
859 951 887 974 e.
907 951 954 973 m.
972 941 1047 973 abb.
1068 943 1100 972 et
1120 941 1247 972 Busolo
1263 940 1483 979 supradictis,
1509 949 1546 971 ac
1571 940 1723 972 Ottolino
1741 941 1782 972 de
1802 941 1981 981 Pergamo,
2000 950 2073 972 can.
2101 942 2241 981 Aquile-

627 1005 701 1036 gen.
719 996 775 1036 (A.
793 997 845 1031 25,
860 995 884 1027 f.
902 996 962 1027 3⁴8
977 995 1006 1033 1>;
1028 994 1061 1026 V.
1079 997 1130 1032 81,
1150 1003 1203 1034 ep.
1221 995 1327 1031 2320.)

673 1046 812 1078 25400.
831 1066 869 1072 —
885 1048 1002 1080 ,loanni
1028 1047 1191 1079 Amoracti
1208 1047 1243 1077 de
1270 1046 1416 1083 Viterbio‚
1438 1055 1510 1077 can.
1531 1047 1612 1078 eccl.
1631 1055 1658 1078 s.
1682 1047 1817 1079 Mathaei
1842 1047 2083 1086 viterbiensis,
2104 1049 2240 1080 collatio

626 1103 806 1134 clericatus
822 1102 990 1142 plebis=de
1016 1101 1265 1142 Marcilgliano‚
1283 1100 1486 1140 Aquilegen.
1506 1100 1566 1138 di.,
1587 1101 1623 1131 ut
1644 1109 1676 1131 s.
1703 1101 1868 1132 vacantis.
1893 1119 1930 1123 —
1955 1102 1983 1132 Ι.
2005 1111 2034 1132 e.
2058 1110 2105 1133 m.
2134 1102 2241 1142 priori

626 1156 739 1188 saecul.
756 1155 790 1187 S.
806 1156 854 1187 M.
869 1156 975 1187 Novae
987 1155 1191 1192 Viterbien„
1209 1157 1241 1186 et
1264 1154 1392 1185 archid.
1411 1153 1678 1194 Transligeren„
1697 1154 1927 1194 Andagaven„
1948 1164 1985 1186 ao
2005 1155 2185 1187 Ricciardo
2200 1156 2240 1187 de

626 1209 840 1247 Malumbris,
860 1218 932 1241 can.
949 1209 1118 1240 Paduanae
1134 1208 1215 1240 eccl.
1233 1208 1285 1247 (A.
1304 1209 1356 1244 025,
1376 1207 1398 1238 f.
1414 1208 1474 1239 392
1494 1212 1522 1244 ⁸;
1551 1206 1581 1239 V.
1599 1209 1650 1245 81,
1671 1216 1724 1247 ep.
1742 1209 1850 1247 2374.)

668 1259 810 1293 25401.
827 1280 866 1285 —
884 1262 999 1293 Abbati
1014 1267 1145 1293 monast.
1170 1262 1332 1298 Romamn,
1349 1266 1377 1291 et
1391 1260 1584 1291 Beltramino
1608 1260 1646 1291 de
1660 1260 1843 1292 Paravisino
1871 1261 2008 1303 archipr.
2032 1261 2069 1293 de
2092 1262 2238 1301 Cor-nate,

625 1317 806 1358 Aquileqen.
834 1322 863 1347 ec
886 1315 1092 1347 Mediolanen.
1110 1316 1168 1353 di.,
1186 1325 1221 1347 ac
1239 1314 1353 1346 decano
1378 1315 1545 1345 Tervisinae
1557 1314 1630 1344 eccl.
1646 1315 1760 1346 mand.
1777 1316 1814 1346 ut
1832 1315 1990 1356 Lodoyco
2008 1316 2049 1347 de
2064 1316 2115 1347 ’La
2132 1315 2240 1348 Turre

624 1370 799 1402 conferant
812 1379 919 1402 unum
935 1379 1055 1402 canon.
1073 1371 1105 1401 et
1123 1378 1228 1401 unam
1244 1378 1286 1400 ex
1309 1368 1501 1409 praebendis
1525 1377 1611 1408 quas
1628 1368 1663 1399 in
1684 1368 1765 1400 eccl.
1786 1369 1958 1400 Feltrensi
1977 1369 2151 1401 obtinebat
2177 1370 2239 1401 Pe-

623 1427 697 1456 trus
715 1433 743 1455 s.
764 1424 886 1465 Angeli
903 1425 989 1456 diac.
1011 1423 1115 1462 card„
1139 1431 1250 1463 nuper
1269 1423 1358 1462 apud
1378 1422 1412 1454 S.
1436 1422 1477 1454 A.
1497 1422 1690 1460 defunctus,
1717 1422 1814 1462 cujus
1833 1421 1945 1454 benef.
1971 1423 2064 1463 Papa
2079 1423 2237 1463 disposit.

623 1488 692 1510 suae
704 1479 958 1514 reservaverat;
973 1486 1042 1509 non
1058 1476 1146 1509 obst.
1167 1477 1201 1508 in
1218 1476 1420 1517 Aquilegen.
1441 1484 1560 1507 canon.
1578 1478 1612 1507 et
1626 1475 1744 1516 praeb.,
1757 1477 1789 1507 et
1806 1476 1841 1507 in
1857 1485 1885 1507 s.
1904 1477 2028 1508 Donati
2046 1477 2157 1508 Curiae
2170 1478 2237 1509 Mo-

623 1533 769 1565 doetien.
787 1532 935 1573 quodam
954 1531 1104 1571 simplici
1127 1530 1254 1566 benef..
1273 1529 1371 1570 plebe
1391 1529 1432 1561 de
1449 1530 1614 1570 Porpetro
1634 1538 1662 1561 c.
1677 1539 1719 1569 c.,
1739 1529 1966 1561 Mediolanen.
1986 1531 2019 1561 et
2036 1530 2237 1571 Aquilegen.

623 1587 682 1624 di.,
697 1595 815 1618 canon.
834 1588 866 1618 et
882 1585 986 1626 praeb.
1003 1585 1084 1617 eccl.
1112 1585 1152 1616 de
1177 1584 1364 1621 Nerviono‚
1394 1583 1621 1615 Mediolanen.
1645 1583 1706 1620 di.,
1729 1583 1796 1623 ipsi
1815 1592 1834 1614 a
1856 1583 1888 1614 b.
1920 1592 1986 1615 me.
2014 1584 2161 1616 Castone
2188 1593 2238 1616 ar-

623 1641 755 1680 chiep.o
771 1639 1022 1671 Mediolanensi
1041 1638 1190 1676 collatis,
1210 1646 1356 1678 quorum
1374 1637 1644 1677 possessionem,
1664 1638 1804 1677 propter
1822 1636 2021 1677 eJectionem
2041 1637 2180 1669 illorum
2198 1639 2238 1670 de

623 1696 671 1726 La
683 1694 792 1726 Turre
804 1693 845 1725 de
858 1693 1064 1731 Mediolano,
1078 1692 1228 1724 nondum
1241 1693 1293 1723 est
1307 1692 1463 1732 adeptus,
1482 1699 1608 1722 necnon
1621 1691 1730 1732 gratia
1744 1700 1842 1731 exsp.
1859 1691 2068 1723 canonicalis
2081 1691 2185 1731 praeb.
2204 1693 2238 1723 in

623 1748 768 1780 ecclesia
784 1748 980 1785 Civitatem,
997 1746 1187 1787 Aquilegen
1204 1746 1263 1782 di.,
1279 1747 1312 1777 et
1328 1744 1442 1777 benef.
1462 1754 1489 1776 c.
1511 1754 1540 1775 c.
1554 1745 1608 1776 vel
1629 1753 1657 1776 s.
1675 1753 1703 1776 c.
1723 1745 1861 1776 etiamsi
1879 1745 1984 1785 dign„
2005 1745 2059 1776 vel
2079 1754 2239 1785 persona-

623 1805 678 1834 tus
697 1803 753 1834 aut
773 1803 807 1833 in
823 1801 904 1833 eccl.
923 1800 1108 1833 cathedrali
1127 1800 1267 1837 existat,
1285 1799 1327 1830 ad
1345 1799 1458 1830 collat.
1473 1799 1540 1839 epi
1560 1800 1592 1830 et
1607 1798 1708 1838 capit.
1727 1799 1920 1839 Frisingen.
1943 1800 1994 1838 (A.
2010 1800 2062 1836 25,
2081 1800 2104 1829 t'.
2126 1801 2187 1831 404
2205 1800 2235 1837 b,

630 1856 664 1887 V.
681 1857 734 1893 81,
753 1864 806 1896 ep.
823 1856 932 1895 2401.)

667 1905 807 1940 254θ2.
825 1927 863 1932 -
889 1908 1050 1940 Wilhelmo
1064 1907 1181 1949 quond.
1198 1907 1354 1938 Lamon-ti
1371 1906 1448 1937 dicti
1464 1905 1672 1937 Fonsebecher
1688 1915 1782 1946 prov.
1801 1915 1920 1938 canon.
1939 1905 2003 1937 sub
2018 1915 2115 1947 exsp.
2134 1907 2236 1947 praeb.

623 1963 704 1995 eccl.
722 1972 751 1995 s.
764 1962 903 2003 Georgii
918 1962 1148 1995 coloniensis.
1167 1980 1204 1985 -—
1221 1961 1246 1993 I.
1265 1970 1294 1993 e.
1311 1969 1357 1992 m.
1373 1961 1499 1992 decano
1516 1959 1744 1995 Wischelen.,
1760 1961 1792 1991 et
1807 1960 1971 2000 Reysen.,
1988 1960 2163 1992 Colonien.
2177 1961 2236 1998 di.,

623 2027 660 2049 ac
675 2017 810 2049 Tullen.
827 2016 1019 2048 scolasticis
1033 2016 1120 2047 eccl.
1139 2015 1191 2056 (A.
1211 2017 1263 2052 25,
1282 2015 1304 2045 t'.
1319 2015 1377 2046 ⁴41
1394 2020 1423 2050 ²3
1444 2013 1480 2044 V.
1499 2014 1550 2051 81,
1567 2022 1621 2053 ep.
1635 2013 1743 2053 2474.)

667 2067 804 2101 25408.
825 2089 860 2093 —
877 2070 1027 2112 Philippo
1043 2075 1115 2100 nato
1132 2068 1285 2110 quondam
1302 2068 1458 2099 Alhertini
1470 2067 1507 2098 de
1525 2067 1656 2109 Baysio,
1672 2076 1746 2098 can.
1761 2068 1931 2105 Parmen.,
1946 2068 2055 2106 gratia
2070 2076 2166 2108 exsp.
2183 2068 2238 2100 be·

622 2125 689 2157 nef.
708 2134 736 2156 s.
754 2134 782 2156 c.
799 2127 851 2164 (50
869 2125 942 2156 flor.
960 2125 1048 2163 auri)
1066 2124 1101 2155 in
1118 2123 1211 2155 civit.
1224 2123 1278 2154 vel
1296 2122 1342 2153 di.
1359 2122 1564 2159 Tridentin.,
1582 2121 1707 2161 pertin.
1721 2121 1763 2152 ad
1780 2121 1894 2153 collat.
1912 2121 1980 2161 ep.i
1994 2123 2027 2153 et
2044 2122 2146 2162 capit.
2165 2122 2239 2153 Tri-

623 2179 751 2211 dentin.
770 2197 807 2202 -
827 2178 851 2209 I.
871 2187 900 2210 e.
922 2187 966 2210 m.
987 2186 1064 2217 ep.o
1082 2177 1284 2214 Mutinensi,
1310 2185 1412 2216 praep.
1442 2175 1615 2211 Parmen..
1635 2177 1667 2206 et
1693 2175 1838 2215 archipr.
1866 2175 1986 2215 Regin.
2014 2175 2094 2207 eccl.
2113 2176 2166 2215 (A.
2185 2177 2237 2213 25,

620 2234 645 2265 f.
664 2234 724 2265 496
738 2232 769 2270 ¹³;
791 2232 828 2264 V.
843 2234 897 2267 81.
913 2241 966 2272 ep.
986 2232 1095 2270 2590.)

667 2281 803 2314 25404.
823 2302 861 2308 -—
886 2282 982 2321 Naso,
1007 2287 1080 2313 nato
1107 2282 1301 2313 Giachinotti
1326 2281 1362 2311 de
1386 2280 1628 2312 Caoalcantibus
1654 2280 1691 2311 de
1715 2279 1888 2316 Florentia,
1914 2289 2008 2320 prov.
2036 2289 2156 2313 canon.
2175 2281 2239 2312 sub

622 2347 717 2379 exsp.
735 2338 839 2379 praeb.
855 2338 935 2369 eccl.
953 2336 1227 2369 suessionensis
1242 2353 1281 2358 —
1298 2335 1319 2367 I.
1341 2345 1369 2366 e.
1387 2344 1433 2365 m.
1449 2343 1475 2366 s.
1494 2334 1647 2366 Medardi
1663 2335 1697 2365 et
1712 2342 1740 2366 s,
1757 2333 1910 2374 Crispini
1928 2333 2069 2374 Majoris
2085 2334 2237 2367 Suessio-

622 2401 698 2424 nen.
713 2393 863 2424 monast.
885 2390 975 2429 abb„
999 2399 1037 2422 ac
1055 2390 1200 2430 archipr.
1221 2389 1302 2422 eccl.
1319 2389 1527 2420 Vulteranae.
1548 2388 1599 2427 (Α.
1619 2389 1671 2425 25,
1687 2387 1710 2418 f.
1729 2388 1790 2418 574
1806 2392 1834 2425 *ς
1858 2386 1892 2419 V.
1911 2388 1963 2425 81,
1981 2396 2034 2427 ep.
2053 2389 2158 2428 2763.)

663 2442 804 2476 25405.
823 2464 860 2469 —
886 2444 1028 2482 Roberto,
1053 2448 1128 2474 nato
1147 2454 1177 2474 n.
1197 2453 1225 2474 υ.
1247 2442 1425 2474 Giarmotzii
1443 2441 1480 2472 de
1500 2440 1743 2472 Cavalcantibus
1761 2440 1797 2472 de
1813 2441 1984 2478 Florentia,
2002 2450 2074 2472 can.
2091 2441 2237 2482 praeben.

621 2499 733 2540 plebis
750 2509 778 2531 s.
797 2499 890 2531 Petri
905 2499 946 2530 de
962 2498 1114 2533 piciano,
1135 2497 1312 2529 Fesulanae
1328 2497 1389 2532 di.,
1407 2496 1535 2527 similis
1548 2496 1658 2536 gratia
1675 2495 1711 2526 in
1729 2495 1810 2526 eccl.
1828 2495 2095 2527 Constantiensi.
2112 2511 2150 2517 -
2165 2496 2191 2527 I.
2207 2504 2236 2528 e.

621 2563 665 2586 m.
686 2563 714 2585 s.
733 2553 841 2585 Laudi
858 2554 934 2584 ets.
953 2551 1133 2584 Trinitatis
1154 2551 1195 2582 de
1223 2550 1392 2590 Exaquio‚
1409 2549 1644 2581 constantien.
1668 2549 1727 2586 di.,
1750 2550 1896 2580 monast.
1914 2547 2004 2586 abb„
2032 2557 2069 2580 ac
2090 2549 2235 2588 archipr.

620 2607 701 2639 eccl.
718 2607 927 2639 Vulteranae.
948 2606 1001 2646 (A.
1019 2607 1072 2644 25,
1092 2605 1115 2636 f.
1136 2606 1197 2636 575
1215 2610 1244 2642 ³3
1267 2604 1303 2635 V.
1322 2605 1374 2642 81,
1392 2612 1445 2643 ep.
1465 2604 1572 2642 2764.)

665 2657 803 2691 25406.
820 2679 859 2684 -
874 2660 1043 2696 Aimerico,
1060 2665 1131 2690 nalo
1145 2659 1276 2700 praefati
1295 2657 1481 2694 Giannotzii,
1507 2656 1635 2688 similis
1657 2656 1767 2696 gratia
1787 2656 1822 2686 in
1838 2655 1919 2688 eccl.
1939 2655 2120 2693 Furnensi,
2137 2655 2236 2687 Mori-

620 2715 738 2746 nensis
753 2714 798 2746 di.
811 2724 820 2752 3
835 2723 902 2746 non
915 2713 1003 2746 obst.
1016 2714 1107 2754 quod
1121 2722 1180 2753 per
1196 2712 1234 2744 P.
1251 2712 1288 2743 P.
1306 2712 1346 2743 de
1359 2720 1479 2743 canon.
1492 2711 1556 2742 sub
1572 2719 1668 2750 exsp.
1686 2709 1788 2750 praeb.
1802 2709 1883 2741 eccl.
1899 2708 2090 2746 Fesulanae,
2103 2709 2146 2740 ad
2160 2717 2234 2749 quae

620 2777 680 2808 per
698 2768 798 2808 capit.
816 2769 929 2808 ipsius
946 2767 1029 2800 eccl.
1055 2767 1207 2799 nondum
1232 2767 1390 2805 receptus
1413 2765 1543 2802 existit,
1563 2764 1724 2804 provisus
1746 2763 1861 2794 fuerit.
1880 2780 1916 2786 —-
1937 2762 1964 2793 I.
1986 2770 2016 2794 e.
2033 2770 2078 2793 m.
2101 2761 2142 2793 de
2166 2763 2235 2793 Du·

621 2822 674 2853 nis
692 2824 725 2854 et
741 2831 769 2854 s.
788 2821 922 2854 Nicolai
937 2821 978 2853 de
996 2821 1123 2853 Furnis
1143 2821 1287 2852 monast.
1309 2818 1399 2856 abb„
1427 2818 1594 2849 Morinen.
1613 2817 1673 2854 di.,
1692 2825 1729 2848 ac
1745 2816 1892 2856 archipr.
1920 2815 2000 2847 eccl.
2026 2815 2233 2847 Vulteranae.

621 2875 675 2915 (A.
694 2876 744 2912 25,
763 2875 786 2907 f.
802 2876 863 2907 575
880 2874 915 2912 ὓς
939 2874 974 2906 V.
998 2876 1050 2912 81,
1072 2883 1124 2914 ep.
1143 2873 1256 2912 2765.)

661 2925 803 2959 25407.
824 2947 862 2952 —
877 2928 1015 2960 Romano
1034 2927 1071 2959 dc
1089 2927 1272 2968 Papavetiis
1287 2925 1398 2966 gratia
1413 2933 1510 2964 exsp.
1529 2923 1639 2955 benef.
1659 2932 1687 2954 c.
1708 2931 1736 2954 c.
1758 2922 1811 2953 vel
1833 2923 1873 2961 (s.
1890 2930 1917 2952 c.
1937 2923 1977 2953 50
1995 2921 2068 2954 flor.
2089 2923 2176 2962 auri)
2198 2923 2233 2954 in

621 2982 713 3014 civit.
728 2982 783 3013 vel
798 2982 844 3013 di.
861 2982 997 3017 Senen„
1015 2982 1138 3021 pertin.
1159 2981 1199 3011 ad
1214 2980 1328 3011 collat.
1345 2979 1413 3018 ep.i
1431 2977 1613 3014 Senensis;
1631 2984 1698 3007 non
1716 2975 1802 3007 obst.
1821 2975 1857 3006 in
1873 2975 1905 3006 S.
1924 2975 1968 3006 M.
1986 2975 2021 3006 in
2038 2975 2234 3008 Transtibe-

622 3035 686 3067 rim
704 3035 745 3068 de
758 3035 849 3067 Urbe
866 3035 948 3072 etin
965 3045 991 3066 s.
1010 3035 1102 3066 Petri
1117 3035 1158 3065 de
1178 3034 1344 3072 Magum),
1370 3031 1572 3062 Praen‘estin.
1598 3029 1658 3066 di.,
1676 3029 1756 3060 eccl.
1777 3036 1895 3060 canon.
1922 3029 1954 3060 et
1973 3028 2075 3068 praeb.
2093 3045 2130 3051 —
2156 3030 2180 3061 I.
2200 3039 2229 3063 e.
