2540 3496
346 1 358 8 ²
389 0 663 26 T›.*.Jt²{'?ffl}'2lfflrw
687 5 706 7 ..
733 5 735 7 ,
755 0 757 2 -
798 0 827 13 ...ἱ
852 0 855 2 .

260 421 368 449 Datum
398 412 584 449 Avenione.

384 485 465 492 --—

305 523 346 552 28
361 523 432 551 maii
450 519 538 550 ¹327.

324 568 355 603 (v
371 567 432 596 kal.
445 566 524 603 jun.)

319 613 351 641 Τ.
370 612 431 647 XII,
447 611 518 640 XIV.

381 789 419 818 Ut
435 797 460 817 ε.

345 835 376 863 Τ.
398 834 496 862 XXVI.

386 950 420 979 Ut
440 959 465 979 s.

347 995 378 1024 T.
399 995 495 1024 XXIV.

383 1272 419 1300 Ut
440 1280 464 1300 s.

325 1317 356 1345 T.
377 1317 426 1352 XI,
441 1317 514 1345 XIII.

380 1540 416 1568 Ut
436 1547 460 1567 s.

274 1585 305 1612 Τ.
324 1585 359 1612 XI
374 1584 420 1620 ¹12,
438 1584 502 1612 XIII
518 1584 565 1619 ¹12.

377 1862 412 1890 Ut
438 1870 463 1891 s.

380 2182 416 2210 Ut
436 2190 460 2210 s.

340 2227 370 2255 T.
386 2227 419 2262 X,
436 2227 496 2255 XII.

381 2397 418 2425 Ut
433 2405 458 2425 s.

326 2443 356 2469 T.
374 2442 421 2477 xl,
437 2442 511 2470 XIII.

380 2718 417 2746 Ut
435 2727 459 2746 s.

315 2763 346 2790 T.
364 2763 436 2797 XIV,
452 2763 524 2791 XVI.

303 2932 344 2960 29
360 2933 430 2960 maii
445 2931 535 2962 1327.

313 2975 357 3011 (ιν
373 2975 433 3004 kal.
447 2975 527 3013 jun.)

369 3021 400 3048 T.
417 3021 477 3050 XII.

636 324 811 357 JOANNIS
834 324 954 356 PAPAE
975 324 1078 356 XXII.
1104 324 1355 363 (1316-1334).
1379 341 1418 346 —
1439 322 1627 354 LITTERAE
1650 321 1876 354 COMMUNES
2217 325 2277 355 541

713 515 851 548 28796.
872 534 909 540 -
930 516 1101 548 Guillermo
1119 516 1254 554 octonis,
1272 516 1331 557 leq.
1347 517 1534 558 professori,
1555 516 1671 548 decano
1687 517 1761 549 eccl.
1784 516 1999 556 Colimbrien.‚
2026 518 2149 550 induli.
2172 520 2277 560 perci-

667 571 785 613 piendi
797 571 931 603 fructus
946 570 1099 602 omnium
1117 568 1229 601 benef.
1248 578 1390 601 suorum
1406 569 1534 610 absque
1550 571 1735 602 residentia
1759 571 1802 602 ad
1825 571 2024 609 triennium,
2041 572 2075 603 in
2093 572 2210 613 aliquo
2225 582 2279 605 eo-

667 634 744 658 rum
759 626 816 656 aut
833 624 868 655 in
882 624 958 655 loco
973 622 1033 654 uhi
1052 622 1119 654 litt.
1136 623 1288 654 studium
1302 623 1416 663 vigeat
1429 624 1585 663 generale
1602 623 1803 656 insistendo.
1829 642 1868 647 —
1892 625 1919 656 I.
1945 633 1975 657 e.
1994 634 2040 657 m.
2058 634 2134 666 ep.o
2153 627 2280 659 Conve-

667 687 802 715 narum,
829 679 862 710 et
889 676 1017 710 archid.
1040 674 1253 717 Atrebaten„
1278 684 1315 707 ac
1343 676 1535 707 succentori
1559 676 1693 709 Albien.
1720 677 1800 710 eccl.
1826 678 1881 718 (A.
1909 680 1961 717 27,
1983 678 2006 710 f.
2029 680 2090 710 274
2107 685 2138 717 ⁸3
2168 679 2201 710 V.
2226 681 2278 717 83,

667 741 721 773 ep.
739 732 844 770 1743.)

711 782 850 814 28787.
868 801 908 807 -
921 783 961 815 Ν.
980 794 1007 815 υ.
1024 783 1144 815 Joanm'
1161 782 1265 813 comiti
1288 782 1409 814 Foresii
1431 782 1568 819 indult.‚
1589 785 1726 823 propter
1742 784 1910 815 malitiam
1926 786 2187 826 complexionis,
2206 797 2280 820 ves-

667 839 765 871 cendi
781 838 942 870 carnibus
963 836 1253 878 quadragesimali
1270 837 1302 867 et
1324 835 1404 867 aliis
1423 835 1637 876 temporibus
1656 836 1851 876 prohibitis.
1870 838 1922 878 (A.
1938 840 1990 876 27,
2006 839 2028 870 f.
2045 841 2103 871 241
2119 840 2133 862 h
2141 850 2151 878 ,·
2173 840 2207 873 V.
2226 842 2279 879 83,

668 901 722 934 ep.
742 894 848 931 1766.)

711 943 851 977 28798.
864 963 905 968 -
915 943 1111 986 Baymundo,
1128 953 1199 985 ep.o
1214 941 1388 981 cassinen„
1402 942 1515 974 mand.
1533 944 1570 974 ut
1584 951 1620 974 se
1634 942 1796 975 informet
1810 946 1925 976 utrum
1937 948 2082 978 monast.
2096 957 2124 979 s.
2136 949 2279 981 Joannis

666 1000 703 1032 in
718 999 846 1035 Laruis,
865 999 1007 1031 Cisterc.
1023 998 1109 1036 ord..
1126 997 1295 1038 Sipontin.
1314 997 1375 1035 di.,
1394 996 1498 1028 fuerit
1518 1005 1538 1028 a
1553 996 1727 1028 Clemente
1744 997 1811 1028 ΡΡ.
1829 998 1859 1029 V
1877 999 2037 1031 canonice
2053 1001 2188 1033 unitum
2204 1003 2278 1034 Cis-

665 1054 747 1086 terc.
765 1052 877 1085 ordini
894 1061 936 1083 an
952 1051 1161 1083 monasterio
1182 1051 1387 1086 Casaenovae,
1404 1050 1487 1082 dicti
1510 1050 1597 1088 ord.,
1621 1049 1771 1082 Pennen.
1791 1050 1851 1087 di.,
1870 1052 1903 1082 et
1925 1053 2041 1084 utrum
2062 1056 2279 1094 sequestrum

666 1106 840 1138 fructuum
857 1105 965 1146 ejusd.
985 1106 1130 1137 monast.
1149 1115 1179 1137 s.
1196 1103 1340 1136 Joannis
1356 1112 1418 1144 per
1433 1103 1467 1134 b.
1488 1112 1535 1135 m.
1559 1103 1789 1142 Leonardum,
1806 1104 2013 1145 archiep.um
2033 1106 2215 1147 Sipontin.‚
2239 1110 2279 1142 de

667 1160 781 1192 mand.
798 1160 866 1191 ΡΡ.
885 1159 1093 1200 appositum,
1111 1158 1264 1190 revocari
1280 1157 1413 1193 debeat,
1431 1158 1561 1189 attento
1577 1157 1669 1198 quod
1682 1158 1728 1189 id.
1748 1159 1893 1189 monast.
1911 1158 1952 1190 ad
1967 1159 2025 1199 jus
2045 1162 2078 1192 et
2095 1163 2279 1202 proprieta-

665 1215 736 1246 tem
754 1215 796 1246 R.
813 1214 852 1245 E.
871 1213 936 1245 fuit
952 1212 1078 1253 inJ‘uste
1092 1212 1299 1243 revocatum.
1318 1210 1370 1251 (A.
1385 1212 1437 1249 27,
1457 1210 1479 1242 f.
1499 1212 1560 1243 266
1574 1210 1608 1248 ¹³3
1629 1211 1666 1243 V.
1682 1212 1735 1248 83,
1753 1220 1807 1251 ep.
1827 1211 1934 1251 1780.)

711 1255 850 1298 28799.
867 1284 906 1290 -
925 1266 1086 1298 Thomasio
1102 1265 1139 1297 de
1155 1264 1337 1297 Saltarellis
1354 1265 1468 1298 collat.
1482 1264 1737 1306 primiceriatus
1762 1265 1843 1297 eccl.
1870 1265 1986 1297 Pisan.
2016 1276 2044 1299 c.
2068 1277 2096 1299 c.
2115 1277 2177 1308 per
2196 1269 2278 1302 obit.

666 1321 798 1354 Nicolai
817 1320 1040 1360 Campellen.,
1054 1319 1123 1351 ΡΡ.
1137 1319 1267 1360 script„
1281 1328 1335 1360 ap.
1354 1318 1389 1351 S.
1404 1320 1446 1351 A.
1464 1319 1590 1359 praevia
1604 1318 1755 1359 generali
1771 1321 1934 1350 reservat.
1949 1328 2020 1351 vac.
2033 1330 2042 1358 ;
2058 1321 2280 1361 plebanatum

666 1384 747 1407 vero
760 1375 872 1415 plebis
889 1374 930 1406 de
946 1374 1101 1411 Cascina,
1117 1373 1236 1405 Plean.
1254 1373 1314 1409 di.,
1331 1372 1504 1405 dimittere
1519 1374 1667 1404 tenetur.
1686 1389 1724 1394 —
1740 1373 1767 1404 1.
1787 1381 1814 1404 e.
1834 1381 1879 1404 m.
1900 1381 1927 1404 s.
1946 1374 2094 1406 Zenonis
2111 1375 2226 1408 Pisan.
2247 1379 2281 1410 et

668 1438 695 1461 s.
714 1429 832 1461 Savini
848 1428 889 1460 de
908 1427 1095 1465 Montione,
1119 1427 1239 1458 Pisan.
1264 1427 1327 1463 di.,
1349 1426 1639 1459 monasteriorum
1662 1425 1855 1463 abbatibus,
1880 1435 1918 1458 ac
1945 1427 2054 1467 priori
2079 1438 2105 1460 s.
2125 1429 2208 1462 Sisti
2227 1431 2281 1462 Pi-

667 1491 741 1514 san.
758 1482 811 1522 (A.
831 1483 883 1520 27,
902 1481 926 1513 f.
944 1482 1005 1514 320
1020 1486 1050 1518 ⁸;
1071 1481 1108 1513 V.
1126 1482 1179 1519 83,
1197 1488 1251 1521 ep.
1271 1481 1378 1520 1827.)
1942 1519 1946 1523 Δ

712 1533 853 1566 28800.
871 1552 912 1557 -
929 1534 1045 1567 Jacobo
1060 1533 1098 1565 de
1114 1533 1209 1566 curte
1224 1533 1335 1574 gratia
1352 1542 1450 1574 exsp.
1468 1533 1671 1574 plebanatus
1690 1532 1803 1574 plebis
1825 1533 1866 1564 de
1892 1533 2048 1572 Cascina‚
2077 1536 2192 1568 Pisan.
2219 1538 2280 1576 di.,

666 1590 798 1621 ratione
818 1588 1012 1629 adeptionis
1025 1587 1248 1628 praecedentis
1261 1587 1379 1628 gratiae
1395 1587 1430 1618 in
1441 1586 1539 1619 brevi
1555 1587 1707 1619 vacaturi
1717 1596 1726 1624 ς
1740 1596 1807 1618 non
1823 1586 1912 1619 obst.
1923 1588 2060 1628 paroch.
2077 1590 2158 1622 eccl.
2176 1599 2204 1622 3.
2218 1592 2279 1624 Pe-

665 1643 711 1675 tri
729 1643 769 1674 de
785 1642 968 1683 Pagnatico
983 1650 1012 1673 s.
1033 1651 1075 1679 c.,
1091 1641 1189 1673 dictae
1205 1641 1251 1672 di.
1263 1650 1274 1679 ;
1292 1640 1430 1681 paroch.
1461 1649 1542 1673 vero
1569 1641 1651 1672 eccl.
1678 1649 1706 1672 s.
1732 1640 1910 1673 Michaelis
1929 1641 1970 1673 de
1991 1642 2170 1683 Rivonico‚
2190 1653 2217 1676 s.
2238 1654 2280 1682 c.,

666 1697 775 1738 ejusd.
793 1696 854 1735 di.,
871 1696 1044 1728 dimittere
1058 1696 1204 1727 tenetur.
1224 1712 1262 1717 —
1275 1695 1302 1726 1.
1323 1704 1352 1726 e.
1372 1703 1417 1726 m.
1437 1694 1514 1726 abb.
1533 1696 1677 1726 monast.
1695 1703 1723 1726 3.
1744 1695 1863 1727 Savini
1875 1695 1916 1726 de
1931 1695 2161 1735 Montione,et
2174 1699 2283 1738 priori

667 1759 696 1782 s.
714 1749 900 1791 Augustini
917 1749 959 1781 de
975 1749 1144 1787 Ressano,
1160 1748 1259 1780 dictae
1274 1748 1337 1786 di.,
1356 1757 1394 1779 ac
1411 1748 1513 1780 Petro
1530 1748 1571 1780 de
1588 1748 1763 1788 Ravenna,
1790 1748 1919 1780 archid.
1936 1749 2126 1782 Ravennat.
2155 1752 2206 1789 (A.
2227 1754 2279 1790 27,

666 1804 690 1836 f.
709 1805 770 1836 340
786 1809 815 1841 ²3
837 1803 875 1835 V.
891 1804 943 1840 83,
961 1812 1014 1843 ep.
1035 1803 1142 1842 1882.)

713 1854 852 1887 28801.
871 1874 909 1880 -
926 1856 1042 1888 Jacobo
1060 1855 1224 1898 Folquerii
1240 1864 1336 1896 prov.
1354 1864 1474 1887 canon.
1489 1855 1553 1886 sub
1570 1864 1667 1895 exsp.
1687 1855 1790 1895 praeb.
1815 1855 1895 1887 eccl.
1918 1855 2136 1889 Mimatensis
2163 1859 2199 1890 in
2216 1868 2282 1900 qua

667 1911 866 1943 clericatum
882 1910 988 1947 chori,
1005 1919 1107 1951 quem
1135 1910 1308 1941 dimittere
1323 1910 1471 1946 tenetur,
1487 1909 1618 1941 obtinet
1629 1919 1638 1945 ;
1656 1918 1723 1940 non
1750 1909 1839 1941 obst.
1867 1918 1987 1940 canon.
2016 1911 2050 1941 et
2076 1911 2180 1951 praeb.
2199 1914 2280 1946 eccl.

667 1965 837 2004 Anicien,
853 1963 987 2004 paroch.
1005 1964 1087 1995 eccl.
1104 1963 1145 1995 de
1159 1963 1292 1995 Javolis
1309 1963 1345 1994 in
1360 1971 1428 2003 qua
1440 1971 1500 2003 per
1515 1970 1610 2002 perp.
1630 1962 1796 1994 vicarium
1814 1963 2007 1994 deservitur
2030 1965 2106 2004 (50),
2125 1967 2157 1997 et
2172 1967 2281 1998 rurali

658 2020 695 2050 s.
711 2018 872 2059 Dionysii
889 2018 931 2049 de
948 2017 1111 2058 ArgentIa
1126 2025 1154 2048 s.
1174 2025 1203 2048 0.
1223 2016 1305 2048 eccl.
1323 2017 1355 2056 (8
1372 2015 1433 2047 lib.
1451 2017 1546 2055 tuin),
1561 2016 1737 2047 Mimaten.
1754 2017 1787 2047 et
1805 2015 2001 2048 Atrebaten.
2021 2017 2067 2048 di.
2085 2035 2122 2040 —
2138 2019 2167 2050 I.
2183 2028 2212 2050 e.
2233 2029 2279 2051 m.

667 2073 819 2105 sacristae
839 2071 1063 2109 Avenionen.,
1081 2071 1115 2102 et
1130 2070 1278 2111 Guigoni
1294 2070 1334 2102 de
1355 2079 1383 2101 s.
1400 2070 1582 2105 Germano,
1600 2069 1768 2109 Anicien„
1785 2078 1822 2101 ac
1837 2069 2030 2101 Raimundo
2046 2071 2201 2109 Andreae,
2217 2074 2281 2105 Lo·

667 2127 788 2158 doven.
805 2134 878 2157 can.
895 2124 976 2157 eccl.
994 2124 1048 2163 (V.
1065 2125 1117 2162 84,
1132 2133 1184 2164 ep.
1204 2124 1311 2163 2081.)

712 2177 852 2210 28802.
874 2196 911 2201 -
930 2177 1100 2210 Guillermo
1115 2177 1152 2208 de
1163 2177 1271 2218 Lonqo
1287 2177 1400 2209 collat.
1422 2185 1540 2208 canon.
1559 2177 1640 2208 eccl.
1658 2176 1881 2208 Matisconen.
1899 2177 1935 2208 in
1950 2186 2028 2217 qua,
2048 2178 2127 2210 licet
2144 2179 2191 2211 sit
2211 2188 2279 2212 cer-

665 2235 722 2266 tus
740 2242 813 2265 can.
832 2241 1007 2270 numerus,
1025 2231 1129 2271 praeb.
1147 2233 1263 2263 tamen
1279 2230 1454 2262 distinctio
1469 2239 1537 2262 non
1553 2230 1708 2262 habetur.
1726 2247 1764 2252 —
1777 2230 1802 2261 Ι.
1817 2239 1846 2262 e.
1867 2239 1912 2262 m.
1926 2231 2073 2270 prioris.
2090 2232 2280 2272 Saturnini,

665 2287 800 2320 Uticen.
818 2286 878 2325 di.,
898 2287 931 2318 et
960 2285 1162 2326 praecentori
1185 2284 1401 2325 Lugdunen.,
1428 2293 1466 2315 ac
1482 2284 1630 2324 Guigoni
1654 2283 1827 2324 praedicto.
1849 2284 1901 2323 (A.
1923 2285 1976 2323 27,
2002 2285 2026 2316 f.
2044 2287 2104 2317 395
2119 2285 2148 2324 ¹²3
2172 2286 2208 2318 V.
2226 2289 2278 2326 84,

666 2350 719 2382 ep.
742 2341 851 2380 2150.)

711 2391 848 2424 28803.
869 2411 908 2417 —-
927 2392 1100 2425 Guillermo
1117 2391 1191 2433 Rufi
1208 2392 1322 2424 collat.
1340 2400 1459 2423 canon.
1479 2391 1543 2422 sub
1560 2399 1657 2431 exsp.
1677 2391 1794 2432 praeb.,
1812 2400 1850 2423 ac
1875 2392 1982 2432 dign.,
2002 2393 2057 2424 vel
2076 2396 2280 2433 personatus

665 2457 727 2480 seu
741 2448 796 2480 off.
814 2457 843 2479 c.
858 2456 885 2479 0.
905 2447 959 2478 vel
976 2455 1003 2477 3.
1021 2455 1048 2477 c.
1069 2446 1152 2477 eccl.
1167 2445 1332 2477 Leodien.
1345 2457 1353 2482 ;
1368 2454 1436 2477 non
1448 2444 1535 2476 obst.
1551 2445 1587 2476 in
1604 2445 1783 2476 Aniciensi
1799 2454 1918 2477 canon.
1939 2447 1971 2477 et
1983 2446 2103 2486 praeb.,
2120 2448 2153 2479 et
2167 2447 2203 2479 in
2218 2449 2278 2480 Mi-

664 2503 791 2534 maten.
809 2501 892 2533 eccl.
908 2500 1070 2532 clericatu
1086 2508 1162 2531 cum
1175 2498 1456 2534 hebdomadaria;
1471 2498 1608 2539 paroch.
1620 2507 1701 2530 vero
1717 2498 1798 2530 eccl.
1816 2500 1969 2530 curatam
1985 2500 2026 2532 de
2038 2500 2146 2538 Hura,
2162 2501 2279 2533 Mima-

663 2557 733 2588 ten.
752 2556 813 2593 di.,
830 2555 1004 2587 dimittere
1020 2555 1166 2586 tenetur.
1180 2571 1219 2577 —
1235 2553 1275 2584 In
1292 2562 1321 2585 e.
1341 2561 1386 2585 m.
1407 2552 1520 2584 abbati
1539 2553 1685 2584 monast.
1704 2561 1731 2584 s.
1750 2553 1926 2584 Laurentii
1940 2553 2115 2592 Leodien.,
2127 2556 2160 2586 et
2172 2564 2276 2596 praep.

663 2609 896 2649 Mirapiscen.,
921 2617 959 2639 ac
980 2607 1167 2640 Guillelmo
1190 2607 1231 2638 de
1252 2606 1406 2644 Petrilia,
1434 2614 1506 2638 can.
1536 2605 1691 2638 Anicien.
1721 2606 1802 2638 eccl.
1831 2606 1884 2646 (A.
1908 2608 1961 2643 28,
1988 2607 2012 2638 f.
2037 2608 2096 2639 202
2115 2613 2143 2646 2;
2174 2608 2206 2640 V.
2225 2610 2278 2647 84,

665 2672 718 2704 ep.
734 2664 843 2702 2721.)

709 2713 848 2747 28804.
872 2734 911 2740 -
927 2715 1028 2757 Aycio
1045 2715 1081 2746 de
1100 2714 1257 2746 Clarentio
1275 2713 1389 2746 collat.
1407 2722 1526 2745 canon.
1545 2715 1578 2745 et
1599 2713 1702 2753 praeb.
1728 2714 1810 2745 eccl.
1835 2714 1876 2745 de
1899 2713 2059 2751 Bosham,
2087 2714 2274 2748 cicestren.

665 2771 726 2809 di.,
742 2779 814 2802 vac.
833 2778 894 2810 per
909 2770 1096 2802 consecrat.
1108 2767 1227 2800 Jacobi
1244 2768 1313 2808 ep.i
1326 2767 1512 2804 Exonien.;
1530 2776 1596 2799 non
1609 2767 1696 2799 obst.
1717 2767 1807 2808 quod
1823 2767 1935 2799 benef.
1954 2768 1994 2806 (c.
2013 2776 2040 2798 c.
2058 2768 2117 2800 100
2130 2768 2183 2799 vel
2201 2777 2229 2800 s.
2247 2778 2276 2800 0.

665 2826 704 2857 50
720 2824 744 2856 l.
762 2825 801 2864 t.)
820 2824 863 2855 ad
879 2823 994 2855 collat.
1014 2822 1083 2863 ep.i
1102 2822 1252 2862 et-capit.
1273 2822 1452 2853 Caturcen.
1471 2822 1636 2861 expectet.
1657 2838 1696 2843 —
1714 2821 1741 2852 Ι.
1760 2829 1788 2852 e.
1808 2830 1853 2852 m.
1874 2829 1976 2860 praep.
1997 2820 2227 2861 Mirapiscen.‚
2246 2824 2278 2854 et

666 2877 884 2910 Cantuarien.
904 2886 942 2908 ac
959 2876 1132 2917 Figiacen.
1151 2875 1330 2907 Caturcen.
1351 2875 1513 2906 archid.is
1531 2875 1612 2906 eccl.
1634 2875 1685 2914 (A.
1705 2875 1755 2912 29,
1773 2874 1797 2905 f.
1815 2875 1873 2906 199
1887 2879 1915 2910 ’,-
1935 2873 1970 2905 V.
1988 2874 2040 2911 84,
2060 2882 2111 2914 ep.
2129 2875 2237 2914 2836.)

709 2928 847 2960 28805.
866 2948 906 2954 -
925 2930 1011 2971 Ep.o
1029 2930 1184 2961 Biterren.
1207 2929 1321 2960 mand.
1339 2930 1376 2960 ut
1391 2928 1635 2968 Raymundum
1657 2927 1845 2962 Michaelis,
1870 2935 1961 2958 mon.
1987 2929 2132 2959 monast.
2153 2928 2277 2960 Vallis-

665 2993 807 3025 magnae,
822 2984 962 3016 01sterc.
978 2983 1062 3020 ord.,
1081 2982 1246 3023 Agathen.
1264 2982 1324 3021 di.,
1341 2982 1427 3022 qui«
1442 2981 1588 3021 quedam
1603 2980 1835 3020 experimenta
1848 2980 2030 3011 demonum
2044 2980 2277 3015 invocationes

666 3037 873 3070 continentia
889 3045 994 3077 penes
1013 3045 1048 3068 se
1070 3036 1194 3067 habero
1218 3045 1233 3065 »
1262 3035 1388 3067 dicitur
1407 3035 1440 3066 et
1465 3035 1643 3074 propterea
1666 3033 1792 3065 carceri
1815 3033 2030 3073 mancipatus
2046 3035 2109 3072 est,
2128 3035 2192 3066 sub
2210 3035 2277 3068 fida
