2540 3496
484 615 1152 746 JOANNIS
1243 639 1675 740 PAPAE
1767 639 2110 740 XXII

1104 828 1493 900 (1316-1334)

786 1049 1250 1123 LITTERAE
1315 1048 1445 1121 DE
1507 1046 1820 1122 CURIA

1141 1436 1327 1486 ΑΝΝΙ
1388 1434 1450 1484 ΧΙ

938 1550 976 1596 (5
1006 1552 1101 1598 sept.
1133 1549 1246 1588 1326
1273 1570 1324 1577 —
1351 1549 1378 1586 4
1404 1550 1497 1597 sept.
1530 1546 1659 1596 1327)

306 1715 412 1742 Datum
428 1709 613 1743 Avenione.

300 1818 318 1846 5
335 1817 428 1854 (non.)
442 1820 513 1853 sept.
532 1815 621 1844 1326.
754 1810 890 1842 29655.
911 1831 948 1836 —
975 1812 1109 1844 Vicam'is
1126 1816 1155 1842 et
1177 1810 1312 1853 officiali
1333 1811 1396 1852 ep.i
1416 1809 1560 1841 Rivensis
1578 1810 1692 1842 mand.
1714 1810 1752 1841 ut
1767 1810 1953 1851 procedant
1976 1810 2094 1842 contra
2115 1810 2258 1842 Petrum
2280 1809 2323 1842 de

704 1869 806 1899 Porta
819 1869 853 1899 et
867 1866 1093 1898 Guillelmum
1109 1866 1150 1897 de
1167 1865 1324 1902 Stilhet0‚
1340 1865 1421 1896 cler.
1439 1864 1560 1897 Riven.
1578 1864 1640 1903 di„
1657 1864 1717 1904 qui
1731 1863 1767 1895 in
1782 1864 1905 1896 Riven.
1921 1863 2106 1904 episcopali
2121 1871 2255 1896 carcere
2267 1863 2324 1896 de-

704 1922 855 1953 tinentur
873 1920 1070 1960 mancipati,
1087 1920 1118 1952 si
1135 1928 1194 1951 eos
1210 1919 1251 1951 de
1269 1918 1511 1957 falsificatione
1528 1918 1756 1959 quarumdam
1771 1917 1836 1949 litt.
1855 1918 1965 1958 apost.
1983 1916 2173 1958 culpabiles
2187 1917 2324 1951 invene-

704 1976 785 2007 rint.
804 1975 859 2013 (V.
878 1975 929 2009 82,
946 1983 1000 2014 ep.
1018 1975 1047 2012 1,
1064 1973 1102 2004 de
1117 1973 1228 2012 curia.)
1628 1981 1631 1984 ·
2355 2009 2358 2010 ⁷

309 2035 320 2061 Ι
340 2032 427 2068 (kal.)
446 2035 500 2061 oct.
527 2031 616 2060 1326.
753 2026 889 2058 29656.
914 2047 954 2052 —
975 2027 1107 2059 Andreae
1125 2027 1163 2058 de
1192 2027 1328 2063 Verulis,
1361 2026 1604 2065 Wratislavien„
1631 2031 1660 2057 et
1679 2026 1775 2057 Petro
1795 2025 1833 2057 de
1855 2025 2020 2064 Alvemia,
2046 2025 2226 2058 Noviorum.
2252 2034 2322 2059 ean.

704 2084 792 2122 eccl„
814 2084 856 2114 A.
878 2083 913 2115 S.
932 2083 1065 2120 nuntiis,
1085 2082 1199 2114 mand.
1218 2083 1254 2113 ut
1268 2082 1303 2113 in
1319 2081 1476 2122 partibus
1491 2081 1524 2112 et
1537 2080 1726 2122 provinciis
1742 2080 1793 2112 eis
1808 2080 1956 2112 decretis
1972 2088 2041 2111 una
2056 2088 2134 2112 cum
2151 2079 2325 2113 ordinario

704 2138 771 2170 loci
788 2137 972 2178 procedant
985 2138 1102 2169 contra
1119 2136 1286 2176 quosdam
1303 2135 1556 2167 maledictionis
1573 2135 1732 2167 alumnos
1748 2134 1784 2166 in
1799 2134 1989 2166 Alamaniae
2006 2135 2040 2166 et
2056 2133 2208 2166 Poloniae
2221 2133 2324 2176 parti-

703 2192 770 2224 bus
793 2192 1034 2229 consistentes,
1059 2191 1118 2231 qui
1140 2199 1176 2222 se
1197 2191 1382 2231 quaestores
1407 2190 1440 2221 et
1461 2189 1583 2221 fratres
1607 2189 1742 2221 militiae
1758 2198 1787 2224 s.
1808 2188 1928 2221 Lazari
1943 2186 2229 2226 Jerosolimitani,
2244 2187 2326 2221 licet

704 2247 804 2285 falso,
823 2246 939 2286 palam
957 2247 989 2277 et
1009 2244 1145 2286 publice
1166 2253 1202 2276 se
1224 2245 1382 2276 asserunt
1401 2245 1433 2276 et
1452 2243 1660 2284 quibusdam
1676 2241 1776 2275 falsis
1791 2243 1856 2275 litt.
1877 2243 1986 2283 apost.
2003 2242 2040 2274 in
2055 2250 2174 2274 eorum
2190 2241 2326 2283 quasti-

704 2299 770 2331 bus
793 2301 827 2331 et
848 2299 1078 2337 sermonibus,
1104 2300 1142 2330 ut
1163 2307 1182 2330 a
1202 2298 1419 2338 simplicibus
1442 2297 1607 2338 pecunias
1634 2298 1668 2329 et
1693 2297 1762 2329 alia
1781 2296 1872 2329 bona
1893 2295 2100 2337 subripiant,
2123 2295 2322 2329 abutuntur.

707 2353 759 2394 (V.
799 2354 850 2391 82,
884 2362 938 2394 ep.
965 2354 997 2391 2,
1036 2353 1072 2384 de
1112 2353 1225 2392 curia;
1262 2351 1420 2390 Theiner,
1462 2351 1665 2383 Monumenta
1699 2351 1849 2382 historica
1877 2349 2029 2388 Poloniae,
2065 2350 2090 2382 t.
2125 2349 2152 2388 1,
2186 2359 2219 2391 p.
2250 2350 2323 2389 291,

706 2408 781 2439 doc.
801 2407 1026 2446 CCCLXXI.)

275 2465 313 2494 40
338 2468 381 2501 (vx
400 2464 453 2501 id.)
476 2467 530 2492 oct.
557 2461 647 2492 1326.
752 2459 890 2492 29657.
912 2480 951 2484 —
969 2461 1057 2503 Ep.o
1078 2460 1215 2491 Elnensi
1236 2460 1349 2492 mand.
1372 2461 1408 2491 ut
1434 2459 1585 2500 inquirat
1607 2468 1650 2490 an
1667 2467 1788 2491 verum
1809 2458 1855 2490 sit
1875 2458 1966 2499 quod
1985 2457 2195 2491 Guillelmus
2212 2457 2324 2499 Nigri,

706 2516 811 2548 frater
827 2516 899 2548 ord.
914 2516 1087 2547 Minorum
1105 2515 1146 2547 de
1162 2514 1386 2551 villafranca,
1403 2514 1525 2546 Elnen.
1542 2513 1602 2552 di„
1618 2513 1700 2545 dum
1715 2513 1922 2554 proponeret
1935 2512 2062 2552 populo
2078 2511 2122 2543 ad
2135 2502 2172 2543 id
2187 2510 2325 2544 audien-

706 2570 788 2601 dum
811 2570 1012 2610 congregato
1034 2569 1121 2600 inibi
1145 2568 1289 2601 verbum
1310 2568 1388 2604 Dei,
1409 2569 1565 2609 patenter
1586 2567 1677 2599 inter
1696 2567 1817 2599 oaetera
1840 2565 2041 2606 praedicavit
2057 2565 2325 2606 Redemptomm

706 2625 863 2656 nostrum
877 2624 998 2655 Jesum
1015 2623 1190 2656 Christum
1206 2623 1293 2654 nihil
1310 2622 1346 2654 in
1360 2621 1500 2663 proprio
1516 2630 1578 2654 nec
1593 2623 1627 2653 in
1642 2620 1816 2653 communi
1831 2620 1994 2652 hahuisse
2010 2627 2072 2652 nec
2087 2619 2162 2661 ejus
2176 2619 2335 2660 discip&¹

706 2678 769 2710 los.
790 2678 960 2718 Quicquid
984 2679 1098 2709 autem
1121 2677 1244 2709 exinde
1266 2676 1459 2709 invenerint
1477 2676 1579 2716 Papae
1599 2675 1737 2707 referat.
1752 2673 1806 2715 (V.
1820 2675 1872 2713 82,
1895 2682 1948 2714 ep.
1966 2676 1996 2712 3,
2019 2673 2056 2704 de
2073 2673 2162 2705 curia
2170 2683 2180 2711 3
2201 2673 2323 2712 Euhel,

706 2731 888 2764 Bullarium
905 2731 1162 2767 Franciscanum,
1180 2732 1205 2763 t.
1222 2731 1264 2766 V,
1282 2739 1314 2771 p.
1332 2731 1405 2768 310,
1423 2739 1456 2762 n.
1475 2731 1563 2768 633.)

300 2788 319 2817 ὅ
333 2788 428 2825 (non.)
444 2795 508 2816 nov.
529 2786 619 2816 1326.
751 2782 887 2816 29658.
908 2804 948 2808 -
965 2786 1215 2826 Augmentatur
1229 2784 1358 2816 dotatio
1371 2784 1510 2824 capellae
1525 2784 1564 2815 B.
1577 2783 1622 2815 M.
1635 2783 1928 2823 carpentoraten„
1940 2782 1977 2814 in
1990 2782 2065 2815 loco
2078 2782 2138 2814 ubi
2148 2789 2324 2823 synagoga

702 2840 894 2882 Judaeorum
918 2840 1080 2872 extiterat
1104 2848 1165 2880 per
1187 2839 1253 2870 ΡΡ.
1278 2838 1439 2876 fundatae,
1461 2838 1494 2870 et
1518 2836 1758 2869 describuntur
1783 2835 1872 2869 bona
1898 2836 1941 2868 ad
1959 2836 2028 2869 ΡΡ.
2051 2837 2175 2877 pertin.
2195 2844 2270 2877 quae
2286 2835 2322 2868 in

706 2895 928 2935 augmentum
941 2893 1139 2934 hujusmodi
1154 2893 1329 2933 assignata
1345 2893 1435 2923 sunt.
1454 2891 1509 2930 (V.
1526 2892 1578 2930 82,
1596 2899 1648 2932 ep.
1665 2893 1696 2929 ¹1,
1712 2890 1750 2922 de
1766 2891 1880 2930 curia.)

422 2949 458 2978 Ut
477 2957 501 2978 s.
750 2945 890 2979 29659.
917 2966 955 2971 -—
985 2948 1072 2979 Item
1104 2947 1173 2979 alia
1206 2948 1243 2978 ut
1281 2939 1316 2977 in
1350 2945 1509 2986 proxima
1544 2944 1714 2986 superiori
1745 2953 1806 2986 per
1831 2945 1954 2977 totum.
1987 2943 2041 2984 (V.
2070 2945 2121 2982 82,
2148 2952 2202 2984 ep.
2228 2945 2260 2983 8,
2285 2942 2323 2975 de

706 3003 820 3042 curia.)
