2540 3496
325 316 390 346 550

363 406 469 434 Datum
489 399 672 434 Avenione.

348 615 367 643 5
389 614 482 649 (uon.)
499 613 569 647 jun.
596 611 684 639 1327.

424 658 454 684 Τ.
478 657 523 690 xl,
541 656 613 683 xlii.

481 825 515 852 Ul
533 833 556 851 s.

425 871 455 901 T,
473 869 517 901 xi,
538 868 624 896 XIII..

478 987 513 1014 Ut
534 995 557 1013 s.

461 1032 492 1058 Τ.
510 1031 566 1059 XX.

474 1150 510 1177 Ut
530 1157 554 1176 s.

448 1195 478 1221 Τ.
501 1194 582 1221 XXX.

478 1419 514 1446 Ut
535 1427 558 1445 s.

421 1463 451 1490 T.
472 1463 519 1496 XI,
535 1463 608 1490 XIII.

477 1687 513 1715 Ut
530 1695 554 1714 s.

467 1732 498 1761 T.
520 1732 566 1759 xl.

477 1902 511 1929 Ut
531 1910 554 1929 s.

418 1948 448 1974 T.
470 1947 515 1980 xl,
536 1947 608 1973 XIII.

477 2170 512 2198 Ut
529 2179 553 2200 S.

419 2217 449 2244 Τ.
472 2216 517 2247 XI,
538 2216 610 2243 XIII.

478 2333 513 2360 Ut
530 2342 553 2360 s.

423 2379 453 2405 T.
476 2378 521 2412 xi,
540 2378 613 2406 x111.

476 2601 512 2629 Ut
529 2610 553 2629 s.

477 2815 512 2843 Ut
532 2824 557 2844 s.

426 2861 456 2888 T.
473 2861 519 2894 xl,
534 2861 606 2888 XIII.

736 309 910 341 JOANNIS
934 308 1054 340 PAPAE
1076 308 1179 339 XXII.
1204 311 1455 348 (1316-1334).
1477 326 1516 332 —-
1538 308 1727 340 LITTERAE
1750 308 1977 342 COMMUNES

763 501 890 532 decano
908 498 988 530 eccl.
1008 507 1035 530 s,
1057 498 1264 540 Pharayldis
1279 499 1447 538 Gauden„
1466 500 1654 532 'fornacem
1675 500 1736 538 di.,
1754 509 1792 532 ac
1813 509 1901 542 mag.
1926 500 2054 534 Jacobo
2075 501 2117 534 de
2143 501 2286 540 Mutina,
2303 510 2377 535 can.

763 555 994 591 Cameracen.‚
1013 552 1114 592 Papae
1129 561 1203 593 cap.
1223 552 1278 592 (V.
1296 554 1349 591 84,
1368 562 1421 593 ep.
1439 554 1548 593 2104.)

808 603 944 636 28884,
964 623 1002 629 -
1021 605 1190 638 Guillermo
1206 605 1244 637 de
1265 606 1493 648 Champinynio
1513 607 1626 639 collat.
1649 616 1770 639 canon.
1788 607 1853 640 sub
1877 617 1974 649 exsp.
2001 608 2106 649 praeb.
2130 610 2213 642 eccl.
2233 609 2380 642 Mauria-

763 669 854 698 nen.‚
876 669 943 692 non
962 659 1050 692 obst.
1071 660 1207 700 paroch.
1231 661 1313 692 eccl.
1333 661 1374 692 de
1393 661 1584 694 Serravalle
1600 661 1796 694 Gebennen.
1816 661 1862 694 di.
1882 663 1916 694 et
1933 671 2053 694 canon.
2073 662 2139 695 sub
2158 671 2254 704 exsp.
2272 663 2376 704 praeb.

763 715 843 746 eccl.
862 715 1031 747 Sedunen.
1053 731 1093 737 —
1114 715 1140 746 Ι.
1159 723 1188 746 8.
1207 723 1252 747 m.
1281 714 1477 747 Gehennen.
1503 716 1535 746 et
1551 715 1658 755 priori
1674 715 1715 747 de
1730 715 1914 754 Talueriis,
1931 715 2129 749 Gebennen.
2151 717 2215 755 di.,
2233 726 2272 749 ac
2286 726 2377 758 mag.

765 768 913 808 Gulgonl
927 768 1012 800 des
1024 768 1207 803 Germano,
1222 777 1296 800 can.
1311 768 1467 800 Anicien.
1482 769 1577 806 eccl.,
1603 778 1677 810 cap.
1691 769 1759 801 ΡΡ.
1778 769 1830 809 (Α.
1845 771 1897 808 27,
1914 769 1938 801 f.
1954 771 2061 808 406=;
2084 769 2118 802 V.
2134 771 2188 808 84,
2201 779 2254 812 ep.
2270 771 2381 811 2157..)

807 819 947 852 28885.
975 840 1012 845 -
1039 822 1213 864 Aymoneto
1234 822 1271 854 de
1295 822 1475 853 Estanaoco
1496 823 1609 855 collat.
1627 831 1746 855 canon.
1769 823 1833 855 sub
1850 832 1949 864 exsp.
1969 823 2072 864 praeb.
2089 824 2170 856 eccl.
2192 825 2378 863 Basilien.;

764 885 829 907 non
844 876 932 908 obst.
950 885 1070 908 canon.
1086 878 1118 908 et
1134 876 1237 916 praeb.
1253 877 1289 908 in
1305 877 1385 908 eccl.
1403 877 1573 909 Sedunen.
1590 895 1629 900 —
1646 877 1674 908 Ι.
1697 872 1726 909 8.
1746 885 1792 910 111.
1811 885 1889 918 ep.o
1905 878 2114 916 Lausanen.‚
2134 879 2168 911 et
2189 878 2328 916 decano,
2342 887 2381 911 ac

765 930 956 962 Guillermo
972 930 1013 962 de
1029 930 1290 971 Champingnio,
1307 939 1380 962 can.
1398 931 1480 962 eccl.
1502 930 1674 962 Sedunen.
1693 931 1747 972 (A.
1768 933 1820 970 27,
1837 931 1860 963 f.
1879 933 1942 964 404
1957 930 1988 968 ὓς
2010 931 2046 964 V.
2065 933 2116 970 84,
2132 940 2185 973 ep.
2205 933 2314 974 2161.)

807 981 948 1013 28886.
966 1001 1005 1006 -
1024 983 1155 1015 Cantori
1170 989 1199 1014 et
1221 985 1359 1015 sacrista»
1373 983 1557 1022 Gebmnen„
1575 994 1612 1015 ac
1632 984 1801 1017 Guillermo
1818 985 1854 1016 de
1879 984 2122 1028 Champinqnffi,
2137 996 2208 1017 can.
2222 985 2380 1019 Sedunen.

763 1037 852 1076 eccl„
871 1038 984 1068 mand.
999 1046 1060 1078 pro
1079 1038 1271 1078 receptione
1283 1038 1435 1078 Philippi
1451 1039 1602 1079 Darnay,
1619 1038 1700 1071 cler.
1715 1038 1912 1071 Gebennen.
1931 1039 1992 1078 di.,
2008 1039 2045 1071 in
2061 1048 2135 1072 can.
2153 1040 2327 1080 prioratus
2338 1040 2381 1073 (18

763 1092 967 1132 Satigniaco,
984 1092 1022 1124 O.
1042 1092 1072 1124 S.
1091 1093 1147 1128 A..
1161 1092 1259 1123 dictae
1273 1092 1319 1124 di.
1338 1091 1390 1132 (A.
1409 1093 1462 1129 27,
1481 1092 1504 1123 f.
1521 1094 1581 1124 405
1600 1091 1630 1130 ι’;
1655 1091 1692 1124 V.
1708 1093 1760 1131 84,
1777 1102 1831 1134 ep.
1846 1094 1953 1134 2168.)

808 1143 943 1175 28887.
961 1162 1000 1168 -
1015 1146 1103 1187 Ep.o
1122 1145 1294 1178 Gebennen.
1313 1147 1427 1178 mand.
1444 1147 1480 1177 ut
1495 1155 1529 1178 n.
1544 1155 1577 1178 v.
1593 1146 1778 1179 Francisco
1793 1147 1835 1180 de
1848 1147 2063 1188 Campeysio,
2075 1147 2157 1180 d.no
2174 1147 2215 1180 de
2228 1147 2380 1189 Capella,

762 1199 958 1231 Gebennen.
976 1200 1037 1236 di.,
1052 1200 1228 1231 licentiam
1246 1200 1407 1232 concedat
1421 1200 1612 1232 aedificandi
1628 1202 1660 1233 et
1684 1201 1823 1232 dotandi
1839 1201 2006 1242 capellam
2022 1201 2060 1233 in
2083 1203 2230 1234 monast.
2251 1201 2382 1235 monim

763 1253 850 1284 lium
867 1254 1092 1294 Bellaerippae,
1110 1253 1150 1286 O.
1167 1253 1202 1286 S.
1225 1255 1278 1290 B„
1297 1254 1405 1294 eJusd.
1430 1254 1490 1292 di.,
1510 1254 1571 1285 ubi
1589 1255 1846 1295 progenitorum
1864 1255 1975 1295 ipsius
1992 1263 2135 1296 corpora
2149 1256 2380 1296 requiescunt,

763 1308 830 1348 ipsi
857 1309 889 1339 et
918 1307 1176 1339 successoribus
1209 1308 1321 1348 ipsius
1344 1310 1517 1341 reservato
1533 1308 1610 1349 jure
1635 1310 1836 1349 patronatus
1864 1309 1902 1340 in
1925 1309 2045 1341 eadem
2070 1309 2212 1350 capella.
2239 1309 2294 1351 (A.
2326 1311 2379 1348 27,

763 1362 786 1392 f.
803 1361 906 1399 405b;
932 1361 964 1392 V.
987 1363 1039 1399 84,
1057 1370 1111 1401 ep.
1128 1363 1240 1402 2170.)

807 1413 945 1445 28888.
963 1433 1001 1438 -
1017 1415 1148 1447 Nicolao
1166 1414 1299 1454 Thomae,
1326 1415 1400 1447 cler.
1421 1416 1598 1447 Laasanen.
1617 1415 1675 1454 di.,
1699 1417 1810 1457 gratia
1833 1425 1929 1457 exsp.
1956 1416 2071 1449 benef.
2092 1417 2283 1450 ecclesiast.
2301 1426 2330 1450 c.
2351 1427 2381 1451 c.

763 1470 818 1501 vel
838 1479 864 1501 S.
883 1479 925 1506 8.,
940 1469 1077 1501 etiamsi
1093 1469 1199 1510 dign„
1216 1470 1271 1501 vel
1285 1470 1340 1501 off.
1356 1478 1418 1502 seu
1435 1472 1640 1511 personatus
1664 1471 1804 1508 existat,
1822 1471 1864 1502 ad
1881 1470 1949 1513 ep.i
1975 1470 2166 1503 Tridentin.
2183 1471 2382 1512 dispositio-

763 1532 841 1555 nem
858 1523 980 1564 pertin.
1000 1541 1036 1545 —
1054 1523 1082 1554 Ι.
1099 1532 1128 1555 e.
1146 1532 1191 1554 m.
1211 1523 1287 1555 abb.
1307 1525 1455 1555 monast.
1475 1533 1504 1555 s.
1521 1524 1660 1556 Thomae
1680 1525 1720 1556 de
1739 1525 1910 1562 Torcello,
1926 1525 2117 1557 Torcellen.
2146 1525 2207 1563 di.,
2231 1526 2267 1558 et
2288 1525 2385 1559 Guil-

763 1578 870 1609 lermo
886 1578 927 1608 de
942 1577 1204 1617 Champingnio,
1220 1577 1404 1615 Sedunen.,
1424 1586 1463 1609 ac
1476 1578 1626 1618 Guigoni
1642 1578 1683 1609 de
1699 1580 1814 1610 sancto
1829 1579 2012 1617 Germano,
2033 1587 2105 1619 cap.
2121 1579 2203 1618 ΡΡ.,
2224 1579 2381 1613 Anicien.

764 1641 837 1663 can.
853 1631 933 1662 eccl.
951 1631 1004 1670 (A.
1021 1632 1073 1668 27,
1093 1631 1117 1661 f.
1136 1632 1197 1662 410
1214 1630 1244 1668 l³;
1267 1631 1300 1662 V.
1317 1633 1369 1668 84,
1389 1640 1441 1671 ep.
1460 1633 1568 1671 2173.)

808 1682 948 1715 28889.
976 1703 1015 1708 -
1036 1684 1182 1715 Mermeto
1199 1684 1309 1716 Gossin
1327 1685 1365 1716 de
1384 1685 1610 1724 Grandissono,
1638 1686 1710 1718 cler.
1739 1686 1918 1719 Lausanen.
1945 1686 2003 1723 di.,
2020 1687 2131 1728 gratia
2147 1695 2244 1728 exsp.
2268 1687 2382 1721 benef.

763 1739 950 1771 ecclesiast.
968 1747 996 1769 c.
1013 1747 1040 1770 c.
1061 1739 1114 1770 vel
1132 1747 1160 1770 s.
1175 1748 1203 1770 c.
1221 1739 1262 1770 ad
1280 1739 1350 1779 ep.i
1365 1741 1399 1771 et
1414 1740 1516 1779 capit.
1531 1740 1724 1771 Lausanen.
1742 1740 2006 1780 dispositionem
2021 1741 2147 1781 pertin.
2167 1757 2207 1764 —-
2225 1741 2266 1773 In
2286 1750 2316 1774 e.
2334 1751 2380 1774 m.

763 1794 803 1824 de
816 1793 992 1824 Lustriaco
1003 1793 1035 1823 et
1051 1793 1092 1823 de
1104 1792 1315 1830 Paterniano,
1331 1793 1523 1824 Lausanen.
1537 1793 1596 1830 di.,
1612 1793 1798 1834 prioribus,
1813 1795 1847 1826 et
1860 1794 2050 1827 Guillermo
2061 1794 2103 1826 de
2115 1794 2379 1837 Champingnio,

764 1856 837 1878 can.
857 1847 1028 1877 Sedunen.
1048 1846 1102 1886 (A.
1119 1847 1170 1883 27,
1188 1846 1210 1877 f.
1229 1848 1288 1877 413
1306 1851 1335 1884 a;
1357 1846 1394 1878 V.
1411 1847 1462 1882 84,
1483 1856 1536 1886 ep.
1554 1848 1661 1886 2174.)

810 1897 947 1930 28890.
967 1918 1004 1923 -—
1022 1899 1168 1930 Mermeto
1192 1899 1230 1930 de
1251 1910 1275 1930 s.
1305 1899 1468 1938 Germano,
1487 1900 1559 1932 cler.
1590 1900 1776 1939 Gebennen„
1804 1901 1914 1941 gratia
1930 1910 2028 1942 exsp.
2055 1901 2167 1934 benef.
2189 1903 2380 1937 ecclesiast.

764 1956 805 1993 (s.
831 1963 859 1985 c.
883 1953 964 1985 501.
988 1955 1026 1992 t.)
1047 1953 1101 1984 vel
1118 1962 1146 1984 c.
1169 1962 1196 1985 c.
1221 1953 1264 1984 ad
1287 1954 1355 1993 ep.i
1377 1953 1575 1986 Gebennen.
1596 1954 1861 1995 dispositionem
1888 1955 2011 1995 pertin.
2033 1973 2073 1979 —
2092 1956 2120 1988 Ι.
2150 1965 2180 1988 8.
2201 1965 2248 1988 m.
2266 1957 2382 1992 abbati

764 2018 792 2038 s.
811 2007 965 2039 Mauritii
980 2008 1172 2047 Agaunen„
1192 2008 1225 2038 et
1245 2007 1352 2047 priori
1368 2007 1540 2048 Satignaci
1555 2017 1615 2049 per
1633 2009 1783 2048 priorem
1798 2008 1893 2041 soliti
1908 2009 1986 2050 gub.
2009 2010 2308 2050 monasteriorum,
2325 2011 2384 2045 Se·

764 2063 889 2093 dunen.
908 2063 941 2093 et
956 2061 1154 2093 Gebennen.
1173 2061 1233 2099 di.,
1254 2062 1355 2101 atque
1373 2062 1523 2102 Aymoni
1540 2063 1581 2094 de
1597 2062 1738 2102 Blonay,
1756 2071 1828 2094 can.
1854 2063 2046 2095 Lausanen.
2067 2064 2119 2102 (Α.
2143 2065 2197 2102 27,
2213 2064 2237 2097 f.
2262 2066 2325 2097 427
2350 2065 2382 2105 ὓς

773 2116 802 2147 V.
823 2117 874 2150 84,
891 2124 943 2155 ep.
962 2116 1071 2154 2217.)

808 2167 950 2199 28891.
976 2188 1013 2193 -
1040 2169 1204 2210 Stephano
1222 2169 1282 2200 Bel
1301 2169 1338 2200 de
1363 2169 1494 2211 Fiqiaco
1515 2170 1628 2201 collat.
1653 2179 1772 2202 canon.
1795 2169 1859 2201 sub
1873 2179 1970 2210 exsp.
1988 2171 2093 2211 praeb.
2109 2172 2191 2204 eccl.
2209 2180 2239 2204 s.
2254 2172 2382 2206 Hilarii

764 2224 936 2255 Pictaven.
955 2242 992 2246 —
1011 2224 1037 2254 Ι.
1057 2232 1085 2255 8.
1106 2232 1151 2254 m.
1171 2223 1274 2255 Petro
1291 2223 1429 2255 Beraldi
1443 2224 1476 2255 et
1493 2223 1689 2256 Gualhardo
1706 2223 1848 2260 ι1111111111,
1866 2224 2060 2263 (1311118811,
2080 2234 2118 2257 ac
2133 2226 2307 2258 Bernardo
2321 2226 2383 2259 La·

764 2286 852 2313 casa,
869 2278 1041 2309 Turonen.
1057 2277 1137 2308 eccl.
1155 2277 1341 2308 canonicis.
1361 2277 1415 2317 (A.
1435 2278 1488 2313 27,
1502 2277 1526 2308 f.
1547 2279 1608 2309 447
1626 2282 1656 2315 8,
1680 2277 1711 2308 V.
1728 2279 1780 2315 84,
1799 2287 1852 2318 ep.
1870 2278 1979 2319 2227.)
2383 2281 2385 2283 ’

809 2328 948 2361 28882.
965 2349 1003 2353 -
1023 2330 1193 2362 Guillermo
1209 2330 1246 2361 de
1263 2330 1400 2372 Stequel,
1417 2339 1509 2362 mon.
1526 2332 1670 2363 monast.
1689 2331 1723 2364 S.
1746 2332 1791 2363 M.
1811 2332 1852 2364 de
1868 2332 2064 2372 Rivopuuo,
2089 2332 2127 2365 O.
2144 2333 2178 2365 S.
2194 2334 2248 2372 B.,
2261 2334 2381 2366 Vicen.

763 2385 822 2422 di.,
841 2385 950 2424 gratia
964 2393 1059 2424 exsp.
1080 2386 1252 2424 prioratus
1271 2385 1324 2416 vel
1339 2385 1572 2424 praepositurae
1588 2394 1650 2417 seu
1668 2386 1723 2417 off.
1741 2386 1800 2417 aut
1819 2385 2011 2417 administr.
2029 2386 2083 2418 vel
2108 2386 2252 2419 alterius
2265 2386 2379 2420 benef.

763 2439 951 2470 ecclesiast.
971 2438 1013 2469 ad
1032 2438 1166 2470 abbatis
1193 2438 1274 2470 dicti
1294 2438 1495 2470 monasterii
1522 2439 1787 2479 dispositionem
1808 2439 1930 2480 pertin.
1955 2458 1994 2463 —-
2012 2440 2039 2471 I.
2065 2449 2094 2472 e.
2124 2449 2169 2472 m.
2195 2441 2323 2474 decano
2347 2443 2382 2475 et

763 2492 892 2523 archid.
921 2492 1083 2532 Urgelleti
1104 2494 1137 2524 et
1157 2492 1436 2529 Vallisandorrae‚
1462 2501 1501 2524 ac
1518 2493 1724 2533 Raymundo
1748 2493 1790 2525 de
1814 2493 2091 2534 Argillagueriis,
2108 2503 2183 2526 can.
2205 2495 2380 2536 Urgellen.

763 2546 844 2577 eccl.
864 2546 915 2584 (A.
932 2547 984 2582 27,
999 2546 1022 2577 s.
1041 2548 1102 2577 474
1118 2546 1147 2584 b;
1173 2545 1206 2578 V.
1223 2547 1275 2583 84,
1294 2555 1345 2586 ep.
1365 2547 1474 2586 2273.)

808 2597 947 2629 28893.
962 2618 1001 2623 -
1020 2599 1151 2631 Archid.
1168 2604 1197 2630 et
1210 2600 1355 2638 sacriscae,
1372 2610 1408 2631 ac
1426 2599 1582 2640 Gausrido
1597 2599 1634 2631 de
1649 2600 1776 2637 Balma,
1790 2610 1858 2632 can.
1878 2600 1951 2633 eccl.
1967 2600 2167 2643 Luqdunen„
2187 2602 2301 2635 mand.
2317 2611 2381 2644 pro

764 2653 957 2693 receptione
976 2653 1120 2691 GuIetae,
1140 2655 1227 2685 natae
1242 2653 1386 2685 Joannis
1403 2654 1442 2685 de
1456 2654 1578 2685 Balma
1590 2654 1774 2693 domicelli,
1791 2654 1914 2695 puellae
1929 2655 2086 2687 litteratae
2102 2655 2302 2696 Lugdunen.
2318 2656 2380 2696 di.,

764 2706 799 2737 in
815 2707 998 2738 monialem
1015 2708 1161 2738 monast.
1182 2715 1209 2738 S.
1228 2707 1324 2739 Petri
1338 2707 1541 2739 Monialium
1557 2708 1772 2748 Lugdunen.,
1787 2708 1824 2740 in
1837 2717 1904 2749 qua
1917 2710 2029 2741 certus
2043 2709 2247 2742 monialium
2261 2718 2379 2742 nume·

764 2769 823 2791 rus
840 2760 973 2796 existit,
989 2760 1028 2792 O.
1046 2760 1080 2791 S.
1095 2760 1136 2791 A.
1151 2760 1206 2800 (A.
1222 2761 1274 2798 27,
1293 2760 1315 2792 f.
1336 2762 1397 2792 454
1412 2766 1441 2798 ’ς
1463 2760 1496 2792 V.
1511 2761 1562 2799 84,
1579 2769 1631 2802 ep.
1647 2762 1730 2793 2278
1743 2761 1797 2802 Β.)

808 2810 946 2843 28894.
967 2831 1007 2837 -
1032 2814 1215 2855 Jaquemeto
1241 2814 1278 2844 de
1309 2814 1436 2855 Ver-acy,
1459 2824 1529 2845 can.
1549 2819 1682 2845 monast.
1707 2815 1915 2856 Montisjovis,
1943 2815 1978 2847 0.
2003 2815 2039 2848 S.
2063 2816 2116 2854 A„
2145 2816 2300 2849 Sedunen.
2320 2816 2379 2857 di.,

763 2868 873 2908 gratia
890 2876 985 2908 exsp.
1007 2868 1180 2908 prioratus
1202 2868 1256 2899 vel
1281 2868 1474 2900 administr.
1502 2877 1564 2899 seu
1586 2869 1678 2909 dign.
1708 2870 1766 2900 aut
1783 2870 1989 2909 personatus
2007 2870 2081 2903 sive
2108 2871 2164 2903 off.
2184 2872 2242 2903 aut
2266 2871 2379 2904 benef.

763 2921 951 2953 ecclesiast.
975 2930 1002 2953 c.
1020 2930 1050 2953 c.
1071 2921 1126 2952 vel
1151 2930 1178 2952 s.
1198 2930 1225 2953 c.
1244 2922 1288 2953 ad
1302 2930 1406 2962 praep.
1430 2921 1539 2962 ejusd.
1567 2923 1716 2955 monast.
1740 2923 2004 2963 dispositionem
2027 2924 2151 2965 pertin.
2176 2943 2214 2948 —
2235 2925 2263 2957 I.
2282 2934 2313 2956 e.
2334 2934 2381 2958 m.

764 2975 934 3008 Sedunen.
949 2976 981 3006 et
994 2974 1192 3007 Gebennen.
1208 2975 1306 3016 ep.is,
1317 2984 1354 3007 ac
1366 2975 1557 3008 Guillermo
1570 2976 1610 3008 de
1622 2976 1883 3018 champingnio,
1895 2986 1968 3009 can.
1984 2978 2065 3010 eccl.
2077 2978 2247 3011 Sedunen.
2261 2978 2313 3018 (A.
2326 2980 2379 3018 27,

764 3029 787 3060 f.
806 3030 867 3060 458
882 3029 914 3067 b3
939 3029 974 3060 V.
993 3030 1045 3066 84,
1063 3037 1116 3068 ep.
1136 3030 1243 3069 2286.)
