2540 3496
261 412 367 439 natum
388 403 572 439 Avenione.
629 422 631 424 >

302 514 340 542 28
360 522 423 548 apr.
443 511 530 540 1327.

302 563 345 594 (tv
360 558 419 586 kal.
435 556 529 588 maii.)

378 781 409 808 Ut
426 789 450 807 s.

378 888 412 916 Ut
429 897 452 915 s.

375 1103 410 1130 Ut
426 1111 450 1130 s.

356 1148 388 1175 T.
409 1147 465 1175 XX.

294 1478 336 1508 29
351 1487 414 1514 apr.
436 1477 527 1506 1327.

294 1528 340 1558 (111
356 1523 414 1550 kal.
433 1522 528 1555 maii.)

320 1569 351 1597 T.
369 1568 414 1602 ΧΙ,
429 1567 502 1595 XIII.

370 1692 405 1720 Ut
422 1701 447 1721 s.

327 1737 357 1764 τ.
376 1737 408 1772 x,
427 1738 487 1765 ΧΠ,

374 1960 439 1988 Uts

330 2004 360 2031 T.
380 2005 413 2038 x,
430 1982 493 2034 x'u.

369 2175 405 2203 Ut
426 2184 451 2202 s.

371 2444 404 2471 [t
426 2454 450 2472 s.

367 2657 402 2685 L't
419 2666 444 2685 s.

362 2979 394 3006 Ul
418 2987 441 3006 s.

634 317 809 349 JOANNIS
834 317 952 348 PAPAE
974 317 1076 347 XXII.
1102 315 1346 356 (1316-1334).
1372 333 1410 338 —
1432 314 1619 345 LITTERAE
1642 313 1868 346 COMMUNES
2209 319 2270 347 517

706 506 844 539 28543.
862 526 901 531 —
920 509 1073 538 Aimcrico
1093 508 1249 548 archiep.o
1275 506 1512 545 Ravennatensi‚
1537 507 1706 548 provincia?
1725 506 1937 538 Romandiolae
1961 509 2082 547 rectori,
2102 510 2215 541 mand.
2238 513 2272 542 ut

630 551 631 554 Ἴ
663 571 694 594 n.
712 573 743 594 v.
759 562 959 599 Malatestae,
979 563 1056 593 nato
1074 561 1198 601 quond.
1215 561 1351 592 comitis
1366 561 1503 592 Tadhaei
1517 561 1558 591 de
1570 561 1672 592 Petra
1686 560 1817 598 Rubea‚
1835 570 1863 592 s.
1880 561 2006 593 Leonis
2022 562 2083 599 di.,
2100 563 2183 595 olim
2198 564 2271 595 fau-

661 616 728 648 tori
744 616 870 656 quond.
889 615 1062 647 Frederici
1078 616 1119 646 de
1139 615 1391 649 Monteferetro,
1413 614 1575 651 haeretici,
1597 614 1656 654 qui
1677 615 1718 645 ad
1739 614 1967 646 obedientiam
1991 616 2032 648 R.
2051 616 2090 647 E.
2112 625 2272 649 reversus

662 671 726 705 est,
746 669 880 701 restitui
898 669 999 700 faciat
1014 669 1102 700 bona
1123 668 1211 699 infra
1225 668 1391 699 terminos
1405 668 1501 698 dictae
1513 667 1697 708 provinciae
1714 668 1936 700 consistentia
1950 677 2025 709 quae
2041 669 2083 701 ab
2097 670 2271 711 aliquibus

662 723 812 755 indebite
829 725 992 762 occupata
1012 717 1160 754 fuerunt.
1174 721 1229 762 (V.
1247 723 1297 759 83,
1316 730 1368 761 ep.
1387 722 1490 760 1632.)

707 773 844 806 28544.
865 794 901 799 -
919 776 1048 812 Amclio,
1065 775 1158 806 electo
1174 775 1343 810 castrensi,
1359 775 1505 806 Marchiae
1518 774 1721 806 Anconitanoe
1733 776 1857 811 rectori,
1873 777 1985 807 mand.
2005 777 2130 809 simile.
2149 777 2207 818 (V.
2218 779 2271 817 83,

661 839 715 871 ep.
733 831 831 866 1633;
847 830 1004 867 Theinexn
1025 829 1129 861 eodem
1145 829 1376 870 diplomaticus,
1391 830 1416 859 t.
1435 829 1462 865 Ι,
1483 838 1516 868 p.
1534 830 1606 865 543,
1623 829 1696 861 doc.
1713 829 1898 870 DCCXX.)

707 881 843 913 28545.
860 901 897 906 -
916 883 1082 915 Gaucelino
1096 893 1136 913 ss.
1153 882 1328 914 Marcellini
1343 886 1371 912 et
1387 881 1476 912 Petri
1488 882 1591 922 presb.
1610 882 1695 914 card.
1715 882 1817 914 facul.
1839 883 2035 915 conferendi
2053 884 2156 917 alicui
2175 894 2270 926 pers.

661 937 790 969 idoneae
814 946 946 972 canon.‚
973 937 1077 977 praeb.
1105 938 1137 968 et
1162 936 1355 968 sacristiam
1374 936 1487 967 saecul.
1511 935 1591 967 eccl.
1613 945 1641 967 s.
1666 936 1761 967 Aviti
1783 936 1948 974 Senioris,
1975 937 2182 970 Sarlatensis
2207 940 2267 978 di.,

661 1000 806 1032 quorum
823 991 1089 1032 resignationem
1108 990 1182 1030 ipse
1198 997 1232 1020 1v
1250 989 1319 1021 kal.
1337 990 1406 1020 mai
1423 998 1442 1020 a
1459 998 1547 1030 mag.
1565 989 1731 1022 Gasberto
1748 990 1788 1021 de
1806 989 1968 1022 Salvitate
1989 991 2126 1031 recepit.
2145 992 2198 1031 (V.
2219 994 2269 1030 83,

661 1054 715 1085 ep.
733 1047 837 1082 1672.)

706 1095 841 1129 28546.
861 1116 900 1121 -
922 1097 1035 1130 Carolo
1055 1098 1094 1130 It.
1115 1098 1152 1130 F.
1173 1102 1202 1128 ee
1223 1097 1264 1128 N.
1284 1097 1470 1129 hortatoria
1490 1098 1525 1129 ut
1545 1097 1720 1137 praecipiat
1738 1096 1944 1128 officialibus
1967 1098 2040 1129 suis
2060 1100 2271 1132 senescalliae

660 1153 842 1184 Bellicadri
860 1161 901 1184 ne
917 1153 958 1184 de
973 1154 1094 1183 caetero
1111 1151 1152 1183 ab
1169 1151 1315 1189 Andrea‚
1336 1159 1412 1191 ep.o
1436 1150 1682 1191 Magalonensi,
1698 1150 1828 1182 ratione
1842 1151 2067 1183 comitatuum
2080 1152 2224 1193 Melgori
2239 1156 2272 1186 et

661 1206 955 1242 Montisferrandi,
978 1205 1190 1246 Magalonen.
1213 1205 1274 1241 di.,
1294 1213 1381 1245 quos
1403 1204 1549 1236 ecclesia
1570 1203 1780 1244 Magalonen.
1805 1203 1870 1236 suh
1892 1206 1983 1237 certo
2000 1214 2105 1238 censu
2125 1215 2237 1239 annuo
2254 1217 2274 1239 a

659 1261 701 1293 R.
720 1260 757 1291 E.
775 1259 817 1291 ab
830 1259 995 1291 hactenus
1009 1259 1118 1291 tenuit
1134 1260 1166 1290 et
1182 1260 1274 1290 tenet
1290 1258 1323 1289 in
1343 1258 1496 1295 feudum,
1512 1266 1643 1289 necnon
1659 1266 1679 1288 a
1693 1257 1854 1289 vassallis
1870 1259 1903 1289 et
1917 1257 2115 1291 hominibus
2130 1261 2273 1293 eomita-

625 1333 628 1354 Ι
659 1315 755 1345 tuum
771 1313 922 1345 eorumd.
942 1313 1079 1353 exigant
1095 1313 1133 1343 ut
1149 1312 1191 1343 ad
1208 1311 1321 1352 regios
1337 1312 1460 1343 vadant
1474 1311 1643 1342 exercitus
1662 1311 1735 1343 sive
1753 1312 1903 1343 armatos
1916 1312 2065 1350 mittant,
2080 1322 2156 1345 cum
2171 1323 2273 1354 guer-

624 1356 628 1401 i
659 1377 716 1401 ras
737 1369 918 1409 contigerit
940 1377 1126 1408 emergere,
1148 1369 1182 1399 et
1202 1367 1397 1407 specialiter
1419 1376 1480 1407 pro
1502 1376 1625 1407 guerra
1641 1367 1830 1406 Vasconiae,
1848 1377 1927 1399 nam
1945 1369 1987 1400 ad
2006 1369 2041 1400 id
2063 1370 2205 1403 minime
2220 1372 2272 1403 te-

659 1424 794 1454 nentur.
814 1422 868 1461 (A.
885 1423 957 1458 257,
975 1421 997 1452 f.
1016 1422 1055 1452 83
1071 1421 1102 1458 b;
1127 1421 1163 1453 V.
1182 1422 1235 1459 83,
1254 1430 1306 1460 ep.
1328 1422 1432 1460 1678.)

704 1472 841 1504 28547.
857 1491 898 1498 -
911 1474 1054 1512 [tobei-to,
1074 1479 1148 1505 nalo
1161 1474 1270 1504 Jacobi
1284 1473 1322 1504 de
1336 1475 1439 1512 Flore,
1457 1474 1539 1510 mil„
1555 1474 1628 1504 cler.
1646 1474 1825 1507 Surrentin.
1845 1474 1902 1513 di.,
1919 1476 2030 1516 gratia
2046 1485 2141 1517 exsp.
2158 1477 2272 1510 benef.

659 1537 688 1560 c.
705 1537 733 1560 c.
749 1528 803 1560 vel
818 1537 845 1560 s.
863 1537 906 1564 c.,
929 1528 1066 1559 etiamsi
1089 1528 1197 1568 dign„
1217 1529 1422 1567 personatus
1441 1530 1499 1558 aut
1516 1528 1571 1559 off.
1589 1527 1729 1565 existat,
1749 1528 1784 1559 in
1805 1528 1899 1560 civit.
1915 1530 1971 1561 v'el
1984 1529 2030 1560 di.
2047 1531 2183 1571 Regin„
2198 1540 2273 1571 per-

658 1583 721 1615 tin.
741 1582 783 1614 ad
797 1582 912 1614 collat.
928 1581 1092 1622 archiep.i
1106 1581 1228 1622 Regin.
1246 1598 1287 1604 —
1302 1581 1330 1612 Ι.
1353 1590 1382 1612 e.
1401 1589 1447 1612 m.
1464 1589 1541 1621 ep.o
1559 1581 1734 1620 Paduano,
1751 1583 1784 1613 et
1799 1582 1926 1613 archid.
1942 1583 2117 1623 Tropien.‚
2138 1592 2175 1616 ac
2197 1594 2274 1616 can-

659 1636 726 1668 tori
741 1636 971 1668 Marturanen.
989 1635 1069 1667 eccl.
1086 1635 1202 1675 (A.27,
1217 1635 1241 1667 f.
1253 1636 1314 1667 230
1329 1634 1362 1673 ὓς
1383 1634 1418 1666 V.
1436 1636 1488 1672 83,
1500 1643 1552 1675 ep.
1570 1636 1676 1674 1579.)

704 1686 842 1720 28548.
858 1708 897 1713 —
913 1688 1059 1730 Philippo
1074 1689 1224 1720 Minutuli
1237 1688 1275 1719 de
1290 1688 1427 1730 Neapoli
1441 1688 1579 1720 collatio
1593 1697 1713 1720 canon.
1727 1688 1808 1721 eccl.
1825 1689 2058 1730 Neapolitanae
2075 1691 2110 1722 in
2125 1701 2191 1732 qua
2204 1702 2277 1724 cer-

659 1745 716 1776 tus
729 1752 802 1775 can.
820 1752 984 1775 numerus
1000 1744 1033 1775 et
1049 1742 1153 1783 praeb.
1172 1743 1349 1774 distinctio
1368 1751 1436 1773 non
1457 1741 1627 1773 habentur
1637 1751 1647 1779 ;
1669 1751 1736 1774 non
1755 1742 1842 1775 obst.
1866 1743 1902 1774 in
1919 1743 2079 1784 Capuana
2098 1746 2131 1777 et
2147 1746 2273 1778 Baren.

660 1798 741 1830 eccl.
761 1806 895 1833 canon„
917 1806 1047 1828 necnon
1067 1797 1100 1829 S.
1122 1797 1168 1828 M.
1189 1797 1230 1828 de
1253 1796 1404 1834 Pullan.,
1427 1805 1455 1827 s.
1478 1796 1551 1828 Viti
1576 1798 1609 1827 et
1629 1805 1657 1827 s.
1676 1796 1816 1837 Agathae
1835 1797 2052 1837 Neapolitan.
2068 1799 2160 1831 civit.
2177 1801 2209 1831 et
2224 1800 2271 1831 di.

660 1851 742 1884 eccl.
755 1870 793 1875 —-
809 1851 835 1883 Ι.
852 1860 881 1883 e.
898 1859 944 1883 m.
962 1859 1039 1891 ep.o
1056 1851 1230 1888 Paduano,
1248 1852 1281 1882 et
1296 1849 1411 1881 abbati
1433 1850 1580 1881 monast.
1602 1859 1631 1881 s.
1649 1850 1803 1882 Severini
1825 1851 2055 1891 Neapolitan,
2073 1861 2110 1884 ac
2125 1853 2273 1886 Henrico

630 1919 632 1921 >
659 1905 701 1937 de
716 1905 919 1942 Anciniano,
938 1913 1011 1936 can.
1030 1904 1180 1944 Capuan.
1199 1904 1281 1936 eccl.
1298 1903 1352 1944 (Α.
1367 1905 1418 1940 27,
1432 1903 1456 1935 t'.
1473 1905 1534 1935 229
1550 1908 1578 1941 ³3
1602 1903 1639 1935 V.
1655 1905 1707 1942 83,
1729 1912 1784 1944 ep.
1803 1905 1908 1943 1581.)

705 1955 842 1988 28549.
861 1975 901 1981 -
919 1957 1076 1989 Ludovico
1097 1957 1219 1988 leomae
1237 1957 1454 1989 Scannasoriti
1475 1956 1512 1987 de
1530 1957 1667 1998 Neapoli
1687 1957 1824 1989 collatio
1848 1967 1967 1990 canon.
1993 1959 2074 1990 eccl.
2096 1960 2220 1992 Nolan.
2240 1964 2273 1993 in

659 2021 727 2054 qua
742 2015 856 2044 certus
874 2020 948 2043 can.
965 2020 1131 2043 numerus
1149 2013 1182 2043 et
1200 2010 1302 2051 praeb.
1321 2011 1497 2043 distinctio
1515 2020 1582 2042 non
1601 2010 1780 2043 habentur.
1797 2029 1834 2035 -—
1850 2011 1878 2043 I.
1895 2020 1924 2043 e.
1943 2021 1988 2043 m.
2006 2021 2082 2052 ep.o
2098 2013 2272 2052 Paduano,

659 2067 693 2098 et
704 2066 807 2098 Petro
818 2065 929 2105 Capiti
944 2065 1035 2096 dicto
1049 2065 1202 2100 Latroni,
1214 2064 1444 2104 Neapolitan.,
1455 2073 1492 2095 ac
1507 2065 1656 2096 Henrico
1670 2065 1710 2095 de
1726 2064 1928 2103 Anciniano,
1941 2065 2092 2106 Capuan.
2106 2076 2179 2099 can.
2192 2068 2272 2100 eccl.

657 2119 712 2161 (A.
732 2121 783 2156 76,
802 2119 825 2150 f.
843 2120 904 2151 534
918 2118 954 2157 1³3
976 2118 1012 2150 V.
1028 2119 1079 2156 83,
1097 2127 1151 2158 ep.
1171 2119 1276 2157 1650.)

704 2169 842 2203 28550.
861 2190 898 2196 —
916 2172 1010 2204 Petro
1025 2171 1210 2203 Gundisalvi
1226 2171 1447 2203 conferuntur
1462 2180 1595 2208 canon„
1606 2170 1712 2211 praeb.
1726 2172 1758 2203 et
1774 2172 2007 2212 praestimonia
2023 2174 2104 2205 eccl.
2123 2174 2272 2215 Burgen.

658 2236 720 2268 per
738 2228 924 2258 consecrat.
941 2225 1142 2257 Gundisalvi
1164 2225 1207 2256 el.
1227 2225 1454 2257 Salamantin.
1476 2225 1510 2256 in
1531 2225 1627 2257 brevi
1649 2226 1810 2257 vacatura
1819 2235 1829 2262 3
1846 2234 1914 2258 non
1932 2226 2020 2258 obst.
2040 2228 2130 2268 quod
2146 2228 2183 2260 in
2197 2229 2274 2260 Pla-

657 2281 793 2313 centina
809 2280 891 2312 eccl.
910 2288 1030 2311 canon.
1048 2279 1081 2311 et
1099 2278 1218 2319 praeb.,
1238 2281 1271 2310 et
1286 2279 1321 2310 in
1337 2279 1526 2310 Placentin.
1544 2287 1582 2310 ac
1594 2278 1761 2311 Oxonien.
1777 2279 1823 2310 di.
1843 2279 2009 2320 quasdam
2026 2281 2274 2320 praestimonia-

657 2333 709 2366 les
727 2334 903 2374 portiones
921 2333 1085 2365 obtineat.
1102 2350 1142 2356 -
1161 2333 1187 2364 Ι.
1204 2341 1235 2364 e.
1251 2341 1297 2364 m.
1311 2341 1389 2372 ep.o
1404 2332 1599 2370 Civitatem,
1618 2333 1651 2364 et
1667 2333 1775 2373 priori
1791 2333 2000 2371 vallisoleti,
2024 2334 2197 2366 Palentin.
2213 2336 2271 2373 di.,

657 2397 696 2420 ac
708 2388 837 2420 archid.
853 2388 895 2419 de
914 2388 1023 2419 Xeres
1040 2387 1074 2417 in
1092 2386 1173 2418 eccl.
1191 2385 1372 2426 Ispalensi.
1393 2385 1447 2425 (V.
1464 2387 1516 2425 83,
1532 2395 1585 2426 ep.
1602 2386 1709 2424 1666.)

701 2439 825 2472 28551
835 2463 842 2472 .
862 2458 902 2464 -
915 2441 1009 2472 Petro
1024 2440 1167 2475 Martini,
1183 2439 1290 2470 abbati
1302 2438 1402 2470 saecul.
1419 2438 1490 2470 eccl.
1506 2439 1543 2470 de
1558 2439 1781 2475 Caveisrubeis,
1796 2439 1938 2481 Burqen.
1955 2441 2015 2479 di.,
2030 2442 2152 2474 indult.
2167 2443 2275 2483 perci*

656 2496 772 2536 piendi
791 2495 923 2527 fructus
939 2494 1093 2526 omnium
1110 2493 1222 2525 benef.
1245 2502 1386 2525 suorum
1405 2493 1448 2524 ad
1469 2493 1670 2531 triennium,
1688 2493 1825 2525 Alfonsi
1842 2494 1933 2534 regis
1951 2495 2110 2527 Castellae
2125 2497 2273 2536 negotiis

657 2550 712 2582 vel
736 2549 852 2581 studio
871 2548 937 2580 litt.
961 2548 997 2579 in
1019 2548 1094 2579 loco
1117 2547 1175 2578 ubi
1196 2547 1284 2578 illud
1303 2547 1417 2587 vigeat
1433 2547 1590 2587 generale
1611 2547 1815 2579 insistendo.
1837 2564 1874 2569 —
1888 2548 1914 2580 I.
1937 2557 1967 2580 e.
1983 2557 2029 2580 m.
2048 2551 2086 2580 ut
2104 2558 2131 2581 s.
2151 2549 2202 2588 (V.
2219 2551 2270 2588 83,

655 2613 708 2645 ep.
726 2603 833 2642 1668.)

702 2654 842 2688 28552.
861 2674 899 2679 -
917 2655 1081 2688 Fernando
1096 2655 1230 2687 Joannis
1246 2654 1284 2685 de
1301 2654 1418 2696 Campo
1434 2664 1530 2695 prov.
1549 2663 1667 2686 canon.
1684 2655 1766 2686 eccl.
1780 2655 1953 2687 Tudensis
1972 2655 2035 2686 sub
2052 2664 2149 2696 exsp.
2166 2656 2270 2697 praeb.

657 2720 734 2743 cum
750 2710 997 2751 praestimoniis
1016 2711 1049 2741 et
1065 2708 1393 2750 praestimonialibus
1410 2708 1627 2749 portionibus
1645 2719 1652 2747 ;
1671 2717 1737 2740 non
1760 2707 1849 2740 obst.
1867 2709 1957 2749 quod
1973 2708 2008 2740 in
2023 2709 2148 2740 Lucen.
2164 2709 2272 2741 archi-

656 2765 743 2797 diac.
761 2765 802 2796 de
817 2764 936 2796 Larria
951 2765 984 2795 et
1005 2763 1209 2804 portionem,
1231 2765 1264 2794 et
1283 2763 1319 2794 in
1339 2762 1653 2802 compostellanen.
1676 2762 1758 2794 eccl.
1776 2771 1896 2794 canon.
1914 2771 1951 2793 ac
1971 2761 2089 2802 praeb.‚
2113 2764 2214 2803 atque
2236 2764 2271 2795 in

657 2818 971 2859 compostellanen.
991 2817 1037 2848 di.
1054 2817 1208 2857 quaedam
1225 2815 1460 2857 praestimonia
1473 2817 1507 2847 et
1522 2815 1810 2856 praestimoniales
1825 2815 2000 2856 portiones
2017 2824 2045 2846 s.
2063 2825 2091 2847 c.
2107 2815 2269 2848 obtineat.

657 2890 695 2895 —
709 2872 736 2903 Ι.
755 2880 785 2904 e.
805 2880 851 2903 m.
868 2880 956 2911 mag.
977 2870 1161 2902 Ambrosio
1177 2870 1218 2902 de
1236 2869 1453 2910 LamayroIa,
1473 2869 1713 2907 Mediolanen.,
1736 2871 1769 2914 et
1788 2868 1970 2909 Aymerico
1991 2869 2032 2900 de
2050 2869 2211 2910 Antejaco
2232 2879 2271 2902 ac

655 2925 831 2957 Fet-raudo
854 2924 995 2964 Pelagii,
1013 2923 1326 2963 compostellanen.
1346 2923 1426 2954 eccl.
1447 2931 1567 2954 canon.
1586 2922 1640 2960 (V.
1657 2924 1707 2958 83,
1727 2931 1781 2962 ep.
1799 2921 1903 2962 1676.)

702 2975 840 3008 28553.
857 2996 896 3002 -
913 2977 1005 3008 Petro
1023 2977 1210 3008 Sanctorum
1226 2976 1364 3008 collatio
1380 2985 1499 3007 canon.
1515 2978 1548 3007 et
1566 2975 1669 3016 przeb.
1688 2976 1769 3007 eccl.
1790 2975 1971 3007 Auriensis
1989 2984 2060 3007 vac.
2076 2985 2136 3016 per
2153 2985 2270 3009 conse-

656 3034 738 3064 crat.
760 3031 921 3064 Roderici
936 3030 1004 3071 ep.i
1027 3030 1211 3067 Lucensis3
1235 3038 1300 3061 non
1325 3029 1413 3061 obst.
1438 3029 1643 3069 quibusdam
1665 3028 1881 3069 simplicibus
1906 3037 1999 3069 perp.
2026 3029 2135 3062 benef.
2161 3030 2198 3062 in
2221 3031 2266 3062 di.
