2540 3496
250 417 354 445 nutum
374 411 559 446 Avenione.

296 680 332 708 16
349 688 411 716 apr.
432 679 520 708 1327.

275 726 341 759 (xvr
363 725 422 753 kal.
445 723 540 758 maii.)

305 769 336 797 T.
355 770 414 804 XII,
433 769 504 798 XIV.

375 948 409 976 Ut
422 956 446 975 s.

358 993 390 1020 T.
406 993 464 1021 ΧΠ.

373 1217 409 1245 Ut
427 1225 451 1247 8.

349 1263 380 1289 Τ.
402 1262 472 1290 XVI.

374 1432 409 1460 Ut
429 1441 453 1459 s.

323 1477 353 1504 T.
372 1476 418 1511 XI,
436 1475 506 1504 xm.

374 1591 411 1620 Ut
431 1600 455 1619 s.

325 1637 356 1664 T.
374 1636 420 1672 XI,
434 1635 505 1664 xm.

376 1860 413 1888 Ut
433 1869 457 1888 s.

364 1906 396 1933 T.
414 1905 473 1932 XX.

381 2128 417 2156 Ut
435 2136 460 2156 s.

356 2174 388 2203 T.
410 2173 491 2202 XXX.

381 2342 419 2371 Ut
437 2350 462 2370 s.

331 2388 362 2417 T.
382 2387 429 2421 XI,
444 2387 517 2415 XIII.

386 2557 423 2585 Ut
440 2565 464 2584 s.

372 2601 403 2629 T.
425 2601 482 2629 XX.

394 2770 429 2798 Ut
445 2779 469 2798 s.

396 2984 433 3012 Ut
453 2992 477 3012 8.

334 3029 365 3057 T.
383 3028 453 3063 XIV,
466 3027 537 3056 xvl.

615 324 789 356 JOANNIS
814 324 932 355 PAPAE
955 324 1057 355 XXII.
1083 325 1332 364 (1316-1334).
1357 343 1394 348 —
1416 323 1603 355 LITTERAE
1626 322 1853 354 COMMUNES
2197 325 2257 355 505

649 517 788 549 Sorven.
810 526 837 549 0.
858 527 900 555 0.,
919 519 1082 551 Oxomen.
1104 519 1163 554 di.,
1183 527 1220 550 ac
1241 518 1446 558 quibusdam
1463 515 1791 557 praestimonialibus
1807 514 2023 556 portionibus
2042 514 2077 545 in
2092 514 2259 547 Oxomen.

650 572 683 603 et
699 571 890 603 Corduben.
906 572 951 603 di.
971 590 1008 595 --
1025 573 1052 603 Ι.
1070 581 1099 604 8.
1119 581 1165 603 m.
1182 580 1257 613 ep.o
1276 571 1469 607 civitaten..
1488 572 1520 603 et
1538 570 1645 610 priori
1661 568 1866 605 Vallisoleti,
1883 568 2052 600 Palentin.
2070 568 2130 607 di.,
2146 577 2184 600 ac
2199 568 2262 600 Pe-

649 625 702 656 tro
719 625 862 656 Joannis
879 626 919 656 de
939 626 1028 665 Ripa
1043 626 1130 661 avia,
1150 634 1223 657 can.
1243 626 1419 657 Zamoren.
1439 625 1493 663 (A.
1508 626 1560 662 27,
1580 624 1602 655 f.
1620 625 1680 656 315
1697 623 1727 660 ¹³3
1751 622 1788 655 V.
1807 623 1859 658 83,
1879 631 1932 663 ep.
1952 622 2060 661 1861.)

697 675 832 707 28412.
854 697 890 702 --
911 678 1149 720 Πανείκᾟνεῃο
1170 678 1284 711 collat.
1307 687 1426 710 canon.
1449 677 1513 710 sub
1538 686 1634 717 exsp.
1660 676 1763 718 praeb.
1787 685 1825 708 ae
1848 676 1953 716 dign„
1977 676 2183 717 personatus
2202 684 2264 708 seu

652 731 707 763 off.
723 741 751 763 0.
769 741 796 763 0.
815 732 869 763 vel
884 742 911 764 8.
926 741 954 764 c.
972 741 1049 764 cum
1065 732 1310 772 praestimoniis
1326 732 1407 763 eccl.
1423 732 1560 769 Lucem,
1577 730 1706 763 consid.
1725 729 1858 770 praefati
1874 729 1965 770 regis
1975 739 1984 766 ;
2002 738 2122 761 canon.
2135 737 2216 761 vero
2231 730 2265 761 et

619 807 622 814 .
652 785 756 826 praeb.
784 786 864 818 8001.
886 786 1017 818 'sudem
1036 786 1209 818 dimittere
1230 787 1376 817 tenetur.
1401 803 1438 808 -
1458 785 1486 816 Ι.
1512 793 1541 816 8.
1565 794 1610 816 m.
1636 783 1782 816 Abulen.
1809 784 1842 815 et
1867 783 1908 815 de
1929 783 2036 815 Minol
2058 783 2188 815 Tuden.
2215 791 2265 815 ar-

653 839 789 876 chid.is‚
817 848 854 870 ac
879 840 1059 872 Fernando
1084 839 1235 877 Martini,
1263 847 1335 870 can.
1365 838 1632 879 compostellan.
1663 839 1743 870 8001.
1775 837 1829 876 (Α.
1857 838 1909 873 27,
1938 837 1963 868 f.
1994 838 2055 869 316
2079 842 2114 875 ⁸5

654 902 707 933 ep.
727 894 832 931 1862.)

700 944 839 976 28413.
860 964 897 969 —
915 947 1002 988 Ep.o
1020 947 1185 978 Patentino
1203 947 1316 978 mand.
1338 947 1505 987 quatenus
1528 954 1604 977 cum
1623 945 1766 983 Joanne,
1785 946 1864 976 nato
1883 944 2022 976 Martini
2037 944 2210 976 Dominici
2226 945 2267 976 de

654 1000 850 1038 Valleoleti‚
873 1000 998 1032 scolari
1019 1000 1190 1033 Palentin.
1205 991 1263 1038 di.,
1283 1000 1458 1040 dispenset
1475 1000 1523 1038 ut,
1545 1008 1612 1031 non
1633 998 1721 1031 obst.
1740 999 1875 1030 defectu
1893 998 2071 1034 natalium,
2090 1007 2167 1030 cum
2182 998 2228 1030 sit
2250 1006 2268 1029 8

657 1054 769 1086 soluto
784 1055 920 1094 genitus
935 1056 967 1086 et
980 1054 1104 1090 soluta,
1120 1055 1162 1086 ad
1176 1062 1295 1086 omnes
1310 1053 1382 1085 ord.
1398 1053 1593 1094 promoveri
1606 1054 1639 1084 et
1653 1052 1858 1084 beneficium
1872 1051 2065 1084 ecclesiast.
2078 1052 2180 1084 etiam
2194 1060 2222 1084 0.
2239 1060 2269 1084 0.

657 1107 812 1139 obtinere
830 1108 952 1146 valeat,
973 1108 1121 1140 instante
1144 1108 1286 1140 Alfonso
1306 1116 1383 1148 rege
1407 1107 1564 1139 Castellae
1587 1108 1620 1139 et
1641 1106 1802 1147 Legionis
1828 1105 1878 1145 (A.
1899 1107 1951 1144 27,
1970 1105 1992 1137 f.
2015 1106 2076 1137 324
2099 1105 2114 1127 b
2126 1115 2136 1143 3
2161 1105 2197 1138 V.
2217 1106 2269 1143 83,

657 1170 711 1202 ep.
731 1161 840 1202 1868.)

703 1212 841 1246 28414.
858 1233 898 1239 -
912 1216 999 1256 Ep.o
1013 1215 1226 1247 Salamantin.
1243 1215 1355 1246 mand.
1374 1215 1544 1255 quatenus
1557 1223 1635 1246 cum
1648 1213 1828 1246 Fernando
1842 1213 1964 1245 Didaci
1980 1214 2021 1245 de
2036 1213 2184 1249 Medina,
2201 1221 2271 1246 sco-

657 1269 723 1300 lari
746 1269 984 1305 Salamantin.‚
1009 1278 1026 1301 8
1043 1269 1222 1309 conjugato
1245 1270 1278 1300 et
1298 1268 1410 1300 soluta
1430 1268 1556 1309 genito,
1577 1276 1681 1308 super
1702 1267 1838 1299 defectu
1857 1267 2024 1299 natalium
2041 1267 2217 1307 dispenset
2234 1267 2273 1298 ut

658 1322 700 1354 ad
723 1331 841 1354 omnes
865 1323 937 1354 ord.
959 1323 1153 1363 promoveri
1175 1323 1237 1354 etc.
1257 1323 1294 1353 ut
1313 1331 1355 1361 s.,
1376 1322 1525 1354 instante
1546 1321 1708 1362 praedicto
1728 1329 1818 1361 rege.
1834 1321 1889 1361 (A.
1913 1322 1965 1359 27,
1990 1321 2013 1353 f.
2034 1322 2094 1353 324
2108 1320 2139 1357 ¹³3
2162 1320 2196 1352 V.
2219 1321 2270 1358 83,

658 1384 710 1416 ep.
731 1376 837 1416 1869.)

706 1426 841 1458 28415.
860 1448 898 1453 -
916 1429 1082 1461 Fernando
1101 1429 1301 1461 Gundissalvi
1315 1429 1352 1460 de
1367 1428 1504 1470 Aquilar
1516 1437 1612 1468 prov.
1629 1437 1748 1460 canon.
1768 1428 1832 1460 sub
1849 1437 1946 1469 exsp.
1960 1428 2062 1468 praeb.
2081 1437 2158 1460 cum
2172 1436 2273 1468 praes-

657 1482 814 1514 timoniis
834 1484 867 1514 et
887 1478 1216 1522 praestimonialibu's
1232 1482 1450 1522 portionibus
1470 1481 1551 1513 eccl.
1573 1482 1776 1522 IspalensiS,
1798 1482 1928 1513 consid.
1954 1484 1991 1514 ut
2008 1490 2037 1513 8.
2058 1500 2095 1505 -
2115 1482 2155 1513 In
2176 1490 2205 1513 e.
2225 1490 2271 1513 m.

658 1537 696 1568 ut
711 1545 753 1572 s.,
772 1545 804 1568 n.
822 1537 936 1568 28408.
955 1536 1006 1575 (A.
1020 1538 1073 1574 27,
1090 1536 1113 1567 f.
1129 1537 1190 1568 339
1205 1542 1236 1574 ³3
1259 1535 1292 1567 V.
1309 1537 1361 1573 83,
1378 1544 1431 1576 ep.
1452 1535 1556 1576 1886.)

705 1586 843 1619 28416.
868 1608 906 1612 -
924 1589 1042 1621 Joanm'
1067 1589 1187 1621 Garsiae
1211 1590 1325 1621 collat.
1353 1598 1472 1621 canon.
1498 1588 1561 1619 sub
1586 1597 1682 1629 exsp.
1706 1589 1825 1629 praeb.,
1850 1597 1888 1620 ae
1910 1589 2224 1629 praestimoniorum
2242 1590 2276 1621 et

659 1643 983 1684 praestimonialium
1000 1643 1198 1684 portionum
1213 1643 1294 1675 8001.
1315 1643 1513 1681 Calciaten„
1530 1642 1660 1674 consid.
1679 1642 1816 1674 Alfonsi
1833 1642 1925 1683 regis
1940 1642 2098 1674 Castellae
2113 1644 2145 1674 et
2159 1643 2277 1683 Legio-

660 1698 728 1735 nis,
746 1706 813 1729 non
830 1697 917 1729 obst.
935 1686 1089 1737 ᾳυαᾱαῐῐί
1098 1706 1194 1737 perp.
1212 1697 1334 1737 capell.
1353 1697 1387 1728 in
1402 1697 1567 1736 Burgen.‚
1586 1705 1623 1727 ac
1640 1696 1855 1728 thesauraria
1873 1705 1900 1727 8.
1919 1705 1948 1728 0.
1971 1697 2004 1727 et
2020 1705 2154 1733 canon,
2170 1695 2275 1736 praeb.

661 1753 694 1783 et
710 1751 954 1791 praestimoniis
971 1751 1006 1782 in
1022 1751 1063 1782 de
1079 1750 1312 1787 Cavisrubeis‚
1329 1751 1477 1791 Burgen.
1497 1751 1558 1788 di.,
1575 1750 1657 1782 8001.
1674 1769 1711 1774 -—
1727 1750 1752 1782 I.
1773 1758 1802 1782 e.
1821 1759 1868 1782 m.
1886 1751 1924 1782 ut
1939 1758 1967 1781 s.
1986 1750 2039 1789 (A.
2054 1751 2106 1786 27,
2123 1750 2147 1782 f.
2166 1752 2225 1783 343
2240 1755 2274 1787 ²3

667 1804 704 1836 V.
722 1806 775 1842 83,
794 1813 847 1844 ep.
870 1805 974 1843 1900.)

709 1855 848 1888 28417.
868 1877 904 1882 -
925 1858 1042 1890 Abbati
1063 1863 1195 1890 monast.
1220 1858 1257 1890 de
1281 1859 1418 1896 Samoes,
1439 1858 1556 1889 Lucen.
1577 1857 1636 1895 di.,
1661 1862 1689 1889 et
1708 1857 1825 1889 decano
1842 1858 1970 1895 Lucere„
1994 1861 2085 1898 atque
2104 1857 2223 1890 archid.
2242 1857 2280 1889 de

666 1911 838 1944 Con-valeda
851 1912 1024 1943 Astoricen.
1039 1911 1111 1943 eccl.
1127 1912 1242 1944 mand.
1258 1921 1320 1952 pro
1336 1911 1450 1944 collat.
1465 1920 1584 1943 canon.
1602 1913 1634 1943 et
1649 1911 1754 1952 praeb.
1772 1920 1850 1943 oum
1864 1911 2109 1951 praestimoniis
2126 1913 2159 1943 et
2173 1919 2277 1951 prees-

662 1965 902 1997 timonialibus
918 1965 1137 2006 portionibus
1153 1965 1234 1998 8001.
1253 1965 1463 1997 Mindonien.
1484 1974 1544 2006 per
1562 1965 1645 1997 obit.
1664 1965 1838 1997 Fernandi
1853 1964 2014 1997 Roderici
2029 1973 2115 2003 vac„
2131 1965 2279 1997 Martino

664 2019 737 2050 filio
762 2018 901 2050 Martini
924 2019 1080 2058 Joannis,
1107 2019 1230 2051 clerico
1257 2019 1537 2059 Compostellau.,
1565 2018 1698 2051 consid.
1722 2020 1760 2050 ut
1786 2027 1814 2050 s.
1839 2018 1892 2058 (Α.
1913 2019 1964 2056 27,
1988 2018 2012 2049 f.
2034 2019 2094 2050 338
2114 2023 2147 2056 ⁸3
2173 2018 2206 2050 V.
2226 2019 2278 2056 83,

665 2082 719 2113 ep.
739 2074 842 2110 1901.)

712 2123 852 2157 28418.
873 2144 911 2149 -
926 2127 1043 2158 Sancio
1061 2126 1097 2157 de
1113 2126 1289 2164 Archubus,
1310 2136 1392 2156 mon.
1412 2130 1544 2157 monast.
1564 2125 1601 2157 de
1619 2126 1742 2165 Fecere,
1763 2125 1830 2157 ord.
1856 2125 1997 2165 Cisterc.,
2019 2125 2202 2158 Tirasonen.
2223 2125 2281 2163 di.,

666 2180 797 2212 consid.
816 2180 1003 2220 supradicti
1026 2180 1129 2221 regis,
1156 2180 1308 2220 dispens.
1332 2181 1370 2211 ut
1393 2180 1436 2211 ad
1460 2188 1580 2211 omnes
1597 2181 1693 2211 aetus
1708 2179 1884 2220 legitimos
1902 2180 2038 2211 admitti
2057 2181 2090 2212 et
2105 2180 2148 2212 ad
2165 2188 2280 2220 quam-

666 2234 751 2266 libet
768 2234 996 2274 praelaturam,
1022 2234 1108 2265 citra
1126 2233 1366 2274 principalem,
1384 2233 1465 2265 dicti
1487 2233 1574 2271 ord.,
1591 2232 1786 2273 promoveri
1801 2234 1925 2271 valeat,
1943 2242 2010 2265 non
2033 2233 2120 2265 obst.
2136 2234 2227 2274 quod
2247 2234 2283 2265 in

667 2287 740 2319 ord.
759 2287 1027 2319 Praedioatorum
1041 2296 1103 2327 per
1117 2289 1157 2319 20
1173 2296 1281 2319 annos
1297 2287 1536 2327 permanserit.
1557 2286 1610 2325 (A.
1627 2288 1678 2324 27,
1696 2287 1719 2319 f.
1737 2288 1797 2319 338
1812 2286 1827 2309 ¹·
1834 2296 1843 2325 3
1866 2286 1901 2319 V.
1916 2288 1967 2325 83,
1984 2295 2037 2327 ep.
2056 2289 2160 2326 1902.)

714 2338 852 2371 28418.
873 2359 912 2364 -
928 2341 1048 2372 Didaco
1063 2340 1189 2381 Alfonsi
1204 2340 1242 2372 de
1257 2341 1359 2372 Tauro
1375 2341 1489 2373 collat.
1505 2349 1624 2372 canon.
1643 2340 1708 2372 sub
1722 2349 1820 2381 exsp.
1835 2340 1953 2381 praeb.‚
1968 2341 2283 2382 praestimoniorum

667 2396 700 2428 et
724 2395 1046 2435 praestimonialium
1069 2395 1265 2435 portionum
1291 2395 1372 2426 8001.
1398 2394 1603 2432 Corduben„
1632 2395 1763 2426 consid.
1789 2394 1927 2427 Alfonsi
1955 2394 2046 2436 regis
2071 2395 2228 2427 Castellae
2251 2396 2284 2426 et

668 2448 843 2489 LegioniS‚
861 2457 929 2480 non
946 2448 1034 2480 obst.
1051 2448 1255 2488 quibusdam
1272 2448 1385 2480 benef.
1406 2448 1624 2488 simplicibus
1642 2448 1677 2480 in
1693 2448 1919 2481 salamantin.
1939 2450 1971 2481 et
1985 2449 2163 2481 Zamoren.
2181 2448 2226 2480 di.
2244 2467 2284 2472 —

668 2503 697 2535 1.
714 2511 743 2534 e.
761 2511 807 2534 m.
824 2503 861 2534 ut
877 2511 919 2539 s.,
937 2511 970 2533 n.
990 2503 1104 2534 28408.
1123 2502 1175 2541 (A.
1192 2503 1243 2539 27,
1259 2502 1282 2533 f.
1297 2503 1358 2534 348
1375 2507 1405 2539 ²3
1429 2501 1463 2534 V.
1481 2503 1534 2540 83,
1550 2511 1602 2542 ep.
1619 2503 1725 2541 1920.)

718 2553 855 2586 28420.
874 2575 911 2580 -
930 2556 1054 2587 Decano
1074 2556 1203 2594 Lucem,
1223 2561 1251 2587 et
1269 2556 1402 2588 Abulen.
1421 2566 1459 2587 ac
1474 2556 1512 2588 de
1532 2555 1707 2587 Corvaleda
1725 2556 1898 2588 Astoricen.
1916 2556 2066 2588 archid.is
2082 2556 2154 2589 eccl.
2171 2556 2286 2588 mand.

670 2619 733 2651 pro
746 2610 860 2642 collat.
877 2618 1010 2646 canon„
1026 2610 1131 2650 praeb.
1148 2612 1183 2641 et
1198 2610 1384 2642 scolastriae
1400 2610 1480 2642 8001.
1498 2610 1720 2648 Mindonien.,
1737 2619 1797 2650 per
1808 2610 1891 2642 obit.
1903 2610 2036 2651 Pelagii
2045 2610 2188 2642 Joannis
2198 2618 2285 2646 vac„

672 2663 805 2696 consid.
821 2665 859 2696 ut
875 2672 916 2703 8.,
935 2663 1078 2695 Alfonso
1091 2663 1265 2696 Cornacho
1280 2673 1374 2704 perp.
1392 2664 1603 2704 portionario
1621 2665 1702 2696 8001.
1717 2664 1987 2704 compostellan.
2000 2664 2054 2703 (A.
2067 2665 2118 2702 27,
2135 2663 2158 2695 f.
2177 2665 2238 2695 357
2255 2663 2285 2700 ¹³3

679 2717 713 2749 V.
730 2718 782 2755 83,
801 2726 854 2757 ep.
874 2719 979 2758 1924.)

2148 836 2184 868 V.
2212 837 2264 874 83,

721 2768 858 2801 28421.
879 2789 917 2794 -
933 2770 1055 2803 Didaco
1075 2771 1238 2803 Fernandi
1262 2772 1298 2803 de
1319 2771 1468 2803 Aravallo
1493 2781 1587 2812 prov.
1614 2781 1732 2804 canon.
1756 2772 1839 2804 8001.
1862 2771 2084 2804 civitatensis
2105 2770 2169 2802 sub
2187 2779 2284 2812 exsp.

673 2825 777 2866 praeb.
805 2834 883 2857 cum
906 2826 1153 2866 praestimoniis
1179 2828 1212 2858 et
1236 2826 1563 2866 praestimonialibus
1589 2825 1816 2867 portionibus,
1845 2825 1976 2857 consid.
2003 2825 2172 2865 Alphonsi
2196 2825 2288 2866 regis

674 2878 834 2911 Castellae
850 2880 882 2911 et
898 2879 1070 2919 Legionis.
1090 2896 1128 2902 —
1142 2880 1170 2911 I.
1188 2888 1216 2911 e.
1236 2888 1281 2910 m.
1298 2889 1375 2920 ep.0
1392 2879 1627 2916 salamantin„
1648 2881 1680 2911 et
1699 2879 1819 2919 majori
1835 2887 1873 2910 ac
1893 2879 1934 2910 de
1949 2878 2110 2911 Arevallo
2126 2878 2288 2910 art-,hidis

677 2932 758 2964 8001.
778 2931 924 2964 Abulen.
946 2932 1000 2972 (V.
1019 2934 1071 2971 84,
1091 2941 1144 2973 ep.
1163 2932 1270 2973 2083.)

723 2982 864 3016 28422.
881 3004 919 3010 --
939 2985 1092 3017 Roderico
1115 2986 1317 3018 Gundissalvi
1335 2986 1372 3017 de
1388 2987 1480 3024 Rota,
1499 2995 1516 3018 e
1534 2986 1645 3018 soluto
1663 2987 1695 3017 et
1713 2985 1823 3017 soluta
1840 2985 1966 3026 genito,
1989 2985 2116 3017 similis
2130 2986 2241 3027 gratia
2254 2986 2290 3017 in

680 3038 762 3070 eccl.
777 3039 967 3070 Conchensi
978 3049 988 3076 3
1004 3048 1071 3071 non
1085 3039 1172 3071 obst.
1189 3040 1223 3071 in
1236 3040 1316 3072 eccl.
1333 3041 1374 3071 de
1387 3040 1487 3078 Rota,
1502 3040 1666 3071 Oxomen.
1681 3039 1741 3077 di.,
1757 3039 1901 3071 dimidia
1913 3039 2079 3079 portione.
2094 3057 2130 3063 -—
2144 3040 2184 3071 In
2197 3049 2226 3072 e.
2242 3049 2288 3073 m.

390 3091 537 3120 JOANNIS
557 3092 640 3121 XXII.
661 3106 695 3113 —
713 3092 744 3120 T.
767 3092 812 3120 VI.
2112 3093 2148 3121 64
