2540 3496
282 320 342 351 466

315 407 419 435 Datum
445 402 623 436 Avenione.

352 618 390 646 28
408 618 464 652 seb.
491 617 581 645 4327.

351 666 385 698 (11
401 662 458 690 kal.
479 663 580 694 mart.)

373 707 403 734 T.
420 707 466 738 XI,
488 706 559 733 XllI.

429 779 464 806 Ut
485 787 507 805 s.

425 823 455 850 T.
472 823 505 850 X.

305 940 319 965 Ι
335 938 420 970 (kal.)
436 941 520 966 mart.
541 937 617 966 1327

403 983 433 1010 Τ.
456 982 524 1009 XVI.

428 1368 464 1395 Ut
480 1376 503 1395 S.

402 1413 432 1440 Τ.
454 1413 524 1440 XVI.

421 1476 456 1504 Ut
477 1486 500 1504 s.

396 1522 427 1549 T.
446 1522 529 1549 XXX.

419 1908 456 1935 Ut
482 1916 506 1935 s,

359 1952 390 1980 T.
407 1953 480 1986 XIII,
495 1953 564 1980 XVI.

427 2124 461 2151 lst
482 2132 506 2151 s.

365 2169 410 2196 Gr.
427 2177 478 2204 pro
496 2169 562 2196 Deo.

427 2499 461 2527 Ut
482 2508 505 2527 s.

359 2544 405 2572 Gr.
428 2553 479 2580 pro
494 2545 562 2572 Deo.

419 2823 455 2851 Ut
477 2831 502 2851 5.

398 2868 429 2895 Τ.
450 2868 521 2895 XVI.

424 2984 460 3012 Ut
475 2993 498 3011 s.

408 3029 439 3055 T.
457 3029 514 3055 XX.

2058 24 2060 26 .
2126 28 2134 43 ἠ
2171 23 2201 45 ’,1,
2224 44 2226 47 ,
2244 38 2246 40 v
2283 35 2288 45 4
2301 26 2316 42 ·'='
2330 23 2343 32 .

2327 49 2335 57 a

692 317 866 348 JOANNIS
891 316 1009 347 PAPAE
1032 316 1133 346 XXII.
1157 316 1409 356 (1316-1334).
1433 333 1471 338 ——
1493 315 1681 347 LITTERAE
1704 291 1931 348 COMMUNIES

714 524 751 529 —
769 507 794 538 I.
815 516 842 538 e.
864 516 907 537 m.
930 506 1042 537 abbati
1065 508 1211 538 monast.
1230 506 1270 537 de
1290 506 1438 547 MogyIa,
1455 506 1652 538 Cracovien.
1670 506 1731 545 di.,
1751 508 1783 539 et
1799 516 1916 548 praep„
1935 517 1974 540 ac
1989 509 2089 542 Petro
2103 511 2193 543 dicto
2207 511 2323 548 Militi,

713 569 784 590 can.
803 560 883 591 eccl.
900 560 1094 591 Cracovien.
1115 560 1168 599 (A.
1185 561 1237 597 27,
1258 559 1280 592 f.
1300 561 1340 591 59
1356 559 1387 596 1>;
1412 559 1445 590 V.
1462 561 1514 598 83,
1529 569 1583 600 ep.
1605 561 1710 599 1231.)

758 610 879 643 28021
889 636 896 643 .
909 632 947 637 --
963 613 1092 654 qulino
1111 613 1198 645 Cicln‘
1208 612 1245 644 de
1260 612 1486 644 Castu-omentis
1498 613 1652 650 monachi,
1666 613 1739 645 cler.
1754 614 1896 646 Fir-man.
1910 615 1967 654 di„
1980 617 2089 657 gratia
2101 626 2196 659 exsp.
2210 618 2322 651 benef.

712 662 898 698 ecclesiast.
917 675 944 698 c.
966 676 992 698 c.
1018 667 1073 698 vel
1089 676 1116 697 s.
1137 676 1163 698 c.
1185 667 1220 698 in
1240 667 1329 698 dicta
1342 667 1388 698 di.
1410 683 1448 688 —
1463 667 1545 698 I.···e.
1566 676 1611 699 m.
1629 668 1662 700 S.
1682 668 1729 700 M.
1750 668 1785 700 in
1802 668 1930 709 lapide,
1947 669 1982 701 S.
2000 670 2046 702 M.
2066 670 2102 702 in
2118 671 2272 704 Pantana
2286 681 2325 704 ac

712 728 739 750 s.
757 720 893 760 Georgii
909 721 949 751 de
966 720 1232 752 Pontemonachi
1245 721 1438 760 praepositis
1453 721 1547 759 eccl.,
1563 721 1661 753 dictae
1674 721 1719 754 di.
1735 721 1788 762 (A.
1805 723 1855 761 27,
1874 722 1897 753 f.
1910 724 1969 755 149
1982 728 2014 761 ⁸;
2034 723 2069 756 V.
2081 725 2134 762 83,
2148 733 2202 765 ep.
2220 726 2324 765 1401.)

756 770 878 803 28021
903 772 966 804 bis.
987 792 1024 796 -
1041 775 1273 806 Reservantur
1287 774 1508 814 dispositioni
1528 775 1563 807 S.
1582 776 1623 806 A.
1642 783 1762 807 canon.
1782 776 1815 807 et
1833 775 1937 816 praeb.
1955 777 2160 810 Noviomen.
2179 781 2213 810 et
2229 779 2326 811 Auti-

712 827 881 859 siodoren.
900 827 1121 859 ecclesiarum
1139 836 1176 859 ac
1193 827 1261 859 alia
1277 827 1388 859 benef.
1408 837 1482 868 quae
1498 828 1680 868 Philippus
1695 829 1859 861 Conversi
1875 830 2015 868 obtinet,
2034 839 2110 863 cum
2127 831 2188 863 illa
2205 839 2325 864 vacare

712 881 900 921 contigerit.
922 882 974 920 (A.
993 883 1045 919 31,
1063 881 1086 914 f.
1105 882 1165 913 458
1181 881 1222 921 b.)
1590 884 1595 888 ”

758 932 895 965 28022.
914 954 952 958 -
975 936 1094 977 Anqelo
1115 946 1185 976 ep.0
1215 936 1410 973 Vicerbiensz}
1429 936 1526 977 Papae
1547 937 1580 967 in
1606 936 1685 968 Urbe
1703 938 1835 975 vicario,
1857 938 1970 970 mand.
1995 940 2032 970 ut
2053 947 2090 971 se
2110 939 2272 972 informet
2293 941 2326 972 et

711 990 813 1029 Papae
830 990 954 1021 referat
972 990 1012 1021 de
1032 990 1224 1021 redditibus
1242 991 1275 1021 et
1294 989 1519 1030 proventibus
1539 991 1620 1022 eccl.
1647 999 1674 1023 s.
1698 991 1875 1023 Benedicti
1893 1001 1998 1033 prope
2021 993 2195 1025 civitatem
2217 993 2327 1034 Nepe-

712 1043 792 1080 sin.‚
819 1053 904 1083 quae,
930 1045 967 1075 ut
993 1045 1226 1083 exposuerunt
1252 1044 1439 1084 Gregorius
1470 1043 1576 1076 abbas
1602 1046 1635 1076 et
1664 1053 1760 1076 conv.
1790 1047 1938 1077 monast.
1969 1055 1997 1078 s.
2023 1046 2125 1078 Pauli
2153 1047 2194 1079 de
2221 1047 2324 1086 Urbe,

712 1097 750 1129 Ο.
769 1097 801 1128 S.
817 1098 869 1135 B.,
887 1098 929 1128 ad
947 1098 1074 1129 dictum
1094 1099 1239 1129 monast..
1259 1098 1418 1138 pertinet,
1436 1107 1496 1138 per
1512 1098 1587 1138 eJus
1603 1107 1694 1131 mon.
1712 1099 1889 1131 consuevit
1904 1099 1983 1140 gub.
2000 1101 2033 1132 et
2049 1101 2221 1132 censualis
2236 1101 2326 1134 exis·

710 1152 751 1183 tit
781 1152 821 1182 ad
850 1152 1032 1182 luminaria
1056 1153 1089 1182 et
1115 1152 1339 1183 infirmariam
1361 1151 1503 1191 praefato
1527 1154 1674 1183 monast.
1703 1152 1738 1183 in
1762 1155 1854 1185 certa
1875 1153 2062 1194 quantitate
2085 1154 2185 1186 annis
2209 1154 2325 1196 singu-

711 1205 754 1236 lis
777 1206 1004 1245 procuranda3
1030 1215 1118 1236 nunc
1143 1207 1256 1237 autem
1279 1205 1436 1237 nonnulli
1459 1213 1476 1236 e
1501 1205 1659 1245 partibus
1681 1206 1753 1238 illis
1774 1207 1901 1238 dictam
1926 1207 2007 1239 eccl.
2036 1207 2079 1239 ab
2105 1209 2214 1248 apost.
2237 1208 2326 1242 Sede

711 1259 895 1299 impetrare
917 1259 1082 1297 nituntur,
1102 1269 1119 1290 e
1145 1268 1223 1300 quo,
1245 1259 1274 1290 si
1299 1259 1407 1297 fieret,
1432 1267 1594 1300 magnum
1616 1259 1682 1291 eid.
1708 1262 1852 1292 monast.
1877 1261 2114 1302 praejudicium
2133 1263 2324 1302 pararetur.

709 1313 762 1353 (A.
782 1315 832 1350 26,
854 1313 876 1345 f.
892 1314 953 1345 590
969 1313 998 1350 Ι),
1021 1313 1056 1345 V.
1075 1315 1126 1348 83,
1146 1322 1198 1353 ep.
1219 1314 1325 1351 1011.)
2273 1309 2276 1313 ’

756 1364 892 1397 28023.
920 1385 957 1389 —
986 1367 1149 1398 Bernardo
1179 1377 1249 1408 epo
1277 1367 1483 1398 Nemausensi
1511 1367 1650 1399 licentia
1675 1368 1837 1400 testandi.
1860 1368 1914 1408 (A.
1939 1370 1994 1405 26,
2018 1369 2042 1401 f.
2061 1370 2123 1401 602
2142 1369 2184 1407 ”3
2213 1369 2247 1402 V.
2272 1371 2324 1406 83,

711 1430 763 1460 ep.
784 1423 891 1460 1042.)

755 1472 892 1504 28024.
910 1493 949 1498 —-
970 1475 1101 1506 Archid.
1123 1475 1311 1513 Subarben„
1334 1479 1362 1505 et
1384 1474 1461 1506 Adae
1482 1475 1518 1505 de
1540 1475 1738 1512 Bescasiella,
1760 1475 1880 1513 Owen„
1898 1486 1933 1506 ac
1956 1486 2036 1517 may.
2055 1476 2172 1508 Jacobo
2188 1476 2327 1508 Adinul-

709 1528 778 1570 phi,
797 1530 893 1570 Papae
907 1530 1029 1570 script„
1048 1529 1209 1569 Anaqnin.
1230 1539 1299 1560 can.
1322 1528 1410 1568 eccl.‚
1431 1529 1542 1560 mand.
1567 1531 1604 1560 ut
1624 1538 1641 1560 e
1664 1530 1818 1569 prioratu
1836 1526 1983 1570 de‘Biel‚
2003 1530 2044 1563 Ο.
2061 1531 2094 1562 S.
2113 1531 2167 1569 B.,
2188 1531 2326 1573 Pampi-

710 1583 822 1615 lonen.
843 1584 903 1621 di„
923 1593 949 1614 o.
966 1593 1007 1618 c.‚
1027 1584 1068 1614 ad
1083 1583 1196 1614 collat.
1216 1583 1350 1614 abbatis
1365 1584 1510 1614 monast.
1529 1592 1556 1614 S.
1573 1583 1717 1614 Joannis
1735 1583 1776 1615 de
1794 1583 1904 1614 Pinna
1921 1584 1963 1615 ad
1979 1584 2022 1616 R.
2040 1585 2080 1615 E.
2096 1585 2192 1616 nullo
2211 1585 2325 1618 medio

710 1638 846 1676 pertin„
873 1638 955 1668 dicti
978 1638 1063 1675 ord.,
1086 1638 1206 1669 Oscen.
1235 1637 1296 1674 di.‚
1322 1638 1496 1677 spectante
1523 1638 1555 1668 et
1585 1645 1645 1676 per
1672 1637 1745 1677 ejus
1770 1646 1861 1668 mon.
1890 1637 1993 1669 solito
2023 1638 2116 1678 gub„
2145 1639 2326 1671 amoveant

709 1691 909 1722 Eximinum
934 1692 975 1722 de
995 1692 1141 1731 Lagran,
1167 1693 1199 1723 et
1221 1691 1321 1721 illum
1343 1690 1520 1722 conferant
1543 1691 1715 1722 Ferrando
1737 1690 1777 1722 de
1801 1691 1911 1722 Yaniz
1933 1691 2017 1725 dicti
2045 1694 2191 1724 monast.
2217 1701 2323 1730 mon„

710 1746 894 1785 proutjam
915 1746 1009 1784 Papa
1030 1745 1159 1776 eisdem
1180 1744 1421 1776 executoribus
1442 1744 1676 1775 mandaverat.
1691 1744 1812 1776 Dictus
1833 1745 1925 1776 enim
1945 1745 2120 1785 prioratus
2139 1754 2159 1777 a
2178 1756 2202 1777 11
2223 1746 2324 1778 annis

710 1799 850 1829 vacabat
868 1808 925 1838 per
945 1799 1195 1829 assecutionem
1212 1798 1265 1829 off.
1286 1798 1444 1829 clavariae
1464 1797 1616 1838 praedicti
1637 1799 1797 1836 monast„
1817 1798 2002 1830 Ademario
2022 1799 2064 1830 de
2082 1800 2248 1832 Fontanis
2262 1809 2324 1841 per

710 1853 888 1893 praefatum
908 1852 984 1883 abb.
1004 1852 1146 1883 collatae.
1165 1851 1218 1890 (A.
1235 1853 1287 1888 26,
1305 1851 1328 1882 f.
1347 1853 1408 1883 610
1425 1857 1453 1888 ι,
1478 1851 1510 1881 V.
1525 1852 1577 1889 83,
1594 1860 1646 1891 ep.
1666 1851 1772 1891 1054.)
2175 1866 2177 1869 ·

755 1903 892 1935 28025.
909 1925 946 1929 -
965 1906 988 1936 A
994 1911 1087 1946 qouto
1107 1905 1240 1936 Gir-audi
1255 1905 1392 1936 collatio
1408 1905 1638 1945 praeceptoriae
1652 1906 1685 1936 et
1700 1905 1861 1937 cantoriae
1876 1906 1957 1937 eccl.
1973 1906 2163 1938 Vaurensis
2177 1915 2238 1947 per
2254 1906 2326 1940 obi·

709 1962 781 1991 tum
810 1961 900 1991 Petri
925 1959 1087 1997 Geraudi,
1113 1959 1186 1999 ejus
1211 1959 1375 1999 germani,
1399 1959 1490 1999 apud
1515 1959 1548 1991 S.
1575 1960 1616 1990 A.
1644 1958 1772 1999 praevia
1797 1960 2029 1991 reservatione
2053 1960 2260 1993 vacantium.
2285 1978 2325 1985 -—

709 2015 736 2046 Ι.
756 2023 784 2045 e.
807 2023 852 2045 m.
871 2023 946 2054 ep.0
963 2014 1210 2050 Convenarum,
1230 2014 1263 2044 et
1284 2013 1476 2044 Guillermo
1497 2013 1537 2044 de
1560 2012 1751 2051 Duroforti‚
1770 2013 1940 2051 Anicien.‚
1957 2013 2060 2053 Papae
2083 2022 2169 2054 cap„
2191 2023 2230 2046 ac
2247 2015 2328 2047 Ber-

709 2069 814 2099 nardo
831 2068 943 2105 violo,
964 2067 1194 2099 Conseranen.
1213 2066 1386 2098 canonicis
1404 2066 1639 2098 ecclesiarum.
1663 2066 1715 2107 (A.
1736 2069 1787 2105 27,
1807 2066 1831 2098 f.
1849 2069 1868 2098 3
1883 2072 1911 2104 ⁸;
1934 2066 1968 2099 V.
1987 2068 2038 2103 83,
2055 2076 2109 2108 ep.
2127 2068 2235 2109 1069.)

753 2119 890 2151 28026.
911 2139 948 2143 —
966 2121 1156 2158 Berlrando,
1177 2121 1224 2151 tit.
1243 2131 1267 2151 s.
1287 2120 1432 2151 Marcelli
1445 2121 1551 2161 presb.
1571 2121 1670 2158 card„
1687 2121 1726 2152 A.
1745 2121 1778 2152 S.
1796 2120 1909 2162 leym,
1927 2122 2040 2154 mand.
2058 2123 2096 2153 ut
2112 2122 2324 2156 Beltramino

709 2176 749 2207 de
766 2176 884 2212 Gedia,
902 2175 999 2206 fratri
1020 2175 1142 2206 domus
1162 2184 1256 2206 novae
1280 2174 1522 2211 Mediolanen.,
1546 2175 1619 2206 ord.
1641 2175 1924 2213 Humiliatorum,
1947 2177 2085 2215 propter
2106 2175 2324 2208 devotionem

709 2239 809 2270 quam
834 2230 906 2269 ipse
933 2229 1074 2269 ejusque
1097 2228 1341 2269 consanguinei
1362 2228 1402 2260 de
1425 2229 1610 2266 Modoetia,
1634 2229 1860 2260 Mediolanen.
1885 2228 1944 2267 di.,
1967 2237 2048 2269 erga
2071 2229 2113 2261 R.
2137 2229 2175 2261 E.
2198 2229 2323 2262 habue-

708 2286 798 2322 runt,
827 2293 843 2314 e
875 2284 1036 2323 praedicta
1060 2283 1160 2314 domo
1184 2282 1301 2322 ejecto,
1327 2282 1495 2314 violenter
1519 2283 1616 2322 capto
1647 2284 1680 2314 et
1708 2291 1842 2314 carcere
1865 2282 1901 2313 in
1924 2282 2062 2314 civitate
2084 2283 2237 2315 Cumana
2261 2292 2323 2324 per

707 2338 793 2368 duos
811 2346 947 2368 menses
971 2346 1047 2368 cum
1065 2337 1209 2368 dimidio
1231 2336 1424 2376 mancipato
1447 2345 1466 2367 a
1484 2336 1652 2368 damnatae
1675 2337 1850 2368 memoriae
1874 2336 2018 2368 Mathaeo
2043 2337 2084 2368 de
2103 2337 2322 2370 Vicecomiti·

707 2391 771 2422 bus
788 2391 937 2422 heretico
955 2390 1197 2428 Mediolanen„
1213 2392 1246 2421 et
1264 2390 1370 2421 nimia
1385 2391 1584 2429 paupertate
1602 2390 1778 2430 depresso,
1796 2398 1857 2430 per
1875 2390 2077 2430 magistrum
2092 2390 2174 2422 dicti
2189 2391 2321 2423 ordinis

707 2445 854 2484 singulis
871 2444 970 2475 annis
987 2444 1220 2483 provisionem
1236 2452 1419 2483 congruam
1438 2443 1537 2475 faciet
1553 2443 1719 2475 exhiberi.
1739 2443 1791 2483 (A.
1810 2445 1861 2480 27,
1879 2443 1901 2474 f.
1922 2445 1956 2473 11
1970 2449 2001 2480 ⁵5
2025 2443 2058 2475 V.
2073 2445 2125 2481 83,
2142 2453 2194 2485 ep.
2217 2445 2322 2484 1072.)

753 2496 888 2528 28027.
910 2516 949 2521 -
965 2498 1052 2539 Epo
1071 2498 1242 2529 Ruthenen.
1264 2497 1377 2528 mand.
1396 2498 1432 2528 ut
1447 2505 1483 2528 se
1504 2497 1665 2529 informet
1681 2497 1721 2528 de
1736 2497 1900 2537 petitione
1917 2496 2101 2530 abbatissae
2117 2499 2152 2530 et
2166 2507 2263 2530 conv.
2280 2499 2321 2531 de

706 2553 892 2588 Amilizino,
911 2553 981 2583 ord.
1001 2561 1027 2583 S.
1048 2552 1168 2588 Clarae,
1187 2551 1377 2583 Ruthenen.
1396 2551 1455 2587 di..
1473 2559 1547 2591 quae
1562 2551 1675 2582 locum
1692 2551 1892 2582 monasterii
1908 2553 2045 2591 propter
2061 2551 2320 2584 inundationem

706 2606 802 2637 ssuvii
821 2606 1006 2646 periculosi
1024 2606 1180 2636 deserere
1198 2606 1321 2636 coactae
1337 2606 1417 2636 sunt
1435 2606 1466 2636 et
1487 2605 1626 2636 domum
1644 2605 1698 2646 (60
1714 2604 1737 2635 l.
1760 2604 1797 2645 t.)
1820 2613 1859 2635 ac
1878 2605 1991 2636 locum
2009 2606 2060 2641 (40
2078 2605 2102 2637 1.
2118 2605 2159 2645 t.)
2174 2605 2320 2638 fratrum

707 2660 777 2692 ord.
797 2661 837 2690 de
859 2660 975 2695 Sacco,
994 2659 1080 2690 alias
1096 2659 1136 2690 de
1157 2658 1372 2696 Paenitentia,
1392 2658 1427 2689 in
1445 2658 1519 2690 loco
1538 2658 1700 2698 praedicto
1716 2659 1759 2690 de
1773 2658 1949 2690 Amiliano
1966 2659 2094 2690 situata
2111 2660 2144 2691 et
2161 2668 2181 2691 a
2198 2659 2319 2692 multis

706 2714 806 2745 annis
825 2714 970 2748 deserta,
993 2721 1157 2752 occupare
1177 2714 1308 2752 petunt.
1334 2712 1387 2753 (A.
1407 2713 1459 2750 27,
1480 2712 1503 2743 f.
1525 2715 1543 2743 7
1559 2717 1593 2749 ²;
1619 2711 1652 2742 V.
1671 2713 1723 2750 83,
1742 2721 1794 2752 ep.
1814 2713 1913 2750 1073;
1935 2711 2055 2750 Eubel,
2076 2722 2125 2754 op.
2146 2713 2213 2751 cit„
2231 2714 2254 2746 t.
2274 2713 2319 2752 V,

706 2777 738 2808 p.
757 2768 829 2805 319,
849 2776 881 2798 n.
900 2767 988 2806 649.)

751 2818 887 2851 28028.
905 2839 943 2843 -
960 2818 1140 2857 Guillermo,
1158 2820 1317 2861 archiep.o
1330 2820 1512 2858 Senonensi,
1532 2820 1633 2851 facul.
1652 2819 1896 2851 reconciliandi
1912 2829 1972 2860 per
1987 2820 2094 2852 alium
2111 2820 2320 2853 monasteria

706 2876 739 2907 et
764 2875 833 2907 alia
854 2875 929 2906 loca
955 2874 1083 2906 violata
1108 2883 1247 2905 suarum
1272 2873 1366 2905 civit.
1391 2875 1423 2905 et
1446 2874 1490 2904 di.
1518 2882 1626 2914 usque
1652 2874 1693 2905 ad
1716 2873 1915 2905 triennium.
1936 2874 1988 2914 (Α.
2006 2875 2058 2909 27,
2081 2873 2103 2905 f.
2127 2875 2147 2904 4
2162 2873 2191 2911 ¹³;
2209 2873 2241 2906 V.
2263 2875 2317 2912 83,

715 2938 768 2970 ep.
790 2928 897 2968 1091.)

752 2980 888 3012 28020.
907 3000 943 3004 -
967 2981 1081 3012 Eidem
1101 2981 1247 3013 facultas
1269 2980 1466 3013 conferendi
1487 2990 1525 3012 ea
1543 2981 1615 3012 vice
1637 2989 1791 3021 personae
1809 2981 1939 3012 idoneae
1960 2981 2218 3021 praecentoriam
2233 2981 2316 3012 eccl.

707 3037 874 3069 Senonen.
891 3045 952 3077 per
968 3035 1219 3067 assecutionem
1235 3044 1254 3066 a
1268 3035 1399 3067 Joanne
1415 3035 1455 3066 de
1470 3035 1599 3066 Portali
1619 3035 1742 3066 factam
1756 3035 1795 3066 de
1813 3034 1992 3066 archidiac.
2012 3034 2094 3085 eccl.
2113 3035 2316 3071 Tornacen„
