2540 3496
193 401 298 428 Datum
316 394 503 428 Avenione.
560 409 562 433 :

192 982 205 1009 1
225 980 311 1017 (kal.)
328 989 394 1016 any.
416 981 504 1010 1326.

251 1026 283 1053 T.
305 1026 352 1062 XI,
371 1026 445 1054 XIII.

312 1142 346 1169 Ut
359 1150 382 1170 s.

285 1186 317 1214 T.
337 1187 407 1215 XVI.

304 1355 340 1382 Ut
360 1363 384 1382 s.

267 1400 297 1427 T.
318 1400 412 1427 XXIV.

304 1516 338 1543 Ut
360 1525 383 1544 s.

307 1730 343 1757 Ut
359 1739 383 1758 ε.

303 1998 338 2025 Ut
353 2007 376 2025 s.

286 2042 317 2069 T.
335 2043 392 2069 XX.

299 2266 335 2294 Ut
351 2275 374 2294 s.

282 2311 313 2338 Τ.
334 2311 391 2338 ΧΧ.

301 2427 336 2455 Ut
353 2435 377 2455 e.

283 2472 313 2498 T.
331 2472 388 2499 XX.

150 2693 170 2721 2
186 2694 228 2728 (iv
247 2693 328 2730 non.)
345 2702 412 2730 au9.
432 2695 522 2723 1326.

243 2739 274 2766 T.
290 2739 336 2773 XI,
356 2739 427 2767 XIII.

297 2908 331 2935 Ut
351 2916 374 2935 s.

239 2953 268 2979 T.
292 2953 337 2986 XI,
358 2952 430 2979 XIII.

561 309 734 340 JOANNIS
758 309 877 340 PAPAE
898 309 1000 340 XXII.
1026 311 1275 348 (1316-1334).
1299 327 1338 332 —
1360 307 1545 339 LITTERAE
1569 305 1793 337 COMMUNES

2136 306 2194 335 277

593 499 716 538 chiep.i
735 500 917 537 Tolosani3
935 510 1011 531 cum
1028 500 1233 541 obligatione
1247 500 1439 532 dimittendi
1455 499 1588 539 paroch.
1605 499 1686 530 eccl.
1705 498 1745 529 de
1762 499 1903 538 Avyano
1920 499 1953 529 et
1967 499 2007 530 de
2023 499 2194 536 Morneda,

561 556 562 560 ’
593 561 736 592 quarum
754 561 821 583 una
836 553 1003 592 dependet
1022 553 1062 584 ab
1079 554 1196 591 altera,
1214 554 1311 585 dictae
1327 554 1508 584 Auxitanae
1524 553 1583 590 di.‚
1601 553 1631 583 si
1644 552 1755 583 benef.
1771 560 1799 583 c.
1814 560 1841 583 c.
1859 551 2055 588 obtinuerit,
2071 554 2196 585 etcum

560 598 562 622 ἶ
593 606 784 636 cassatione
800 605 958 636 binarum
974 607 1160 646 gratiarum
1175 607 1306 637 scilicet
1322 607 1424 637 unius
1440 607 1481 638 de
1498 606 1609 637 benef.
1629 615 1656 637 s.
1674 615 1701 636 c.
1721 607 1772 644 (80
1789 605 1810 636 l.
1826 607 1865 643 t.)
1881 605 1916 636 in
1933 605 2035 637 dictis
2053 607 2144 638 civit.
2164 609 2197 639 et

560 681 562 704 ἓ
593 658 639 689 di.
656 658 831 694 Tolosan„
848 659 889 689 ad
908 659 1125 690 collationem
1143 660 1314 699 quondam
1331 660 1398 699 ep.i
1419 659 1594 696 Tolosani,
1617 660 1797 698 antequam
1816 659 1960 690 ecclesia
1976 659 2146 692 Tolosana
2161 661 2196 692 in

560 705 562 711 ⁴
593 711 890 751 metropolitanam
909 714 1019 743 erecta
1039 712 1134 748 foret,
1153 721 1229 743 cum
1248 721 1354 751 pauca
1369 722 1429 744 seu
1445 713 1540 743 nulla
1554 712 1664 744 benef.
1685 721 1712 743 s.
1737 721 1764 743 0.
1787 712 1830 743 ad
1846 712 1959 744 collat.
1976 713 2128 753 eiusdem
2143 722 2195 745 ar-

560 763 562 804 ξ
592 765 716 804 chiep.i
734 765 905 805 pertinere
931 767 1163 801 noscerentur,
1179 767 1212 796 et
1229 765 1371 796 alterius
1394 766 1435 796 de
1459 765 1569 796 benef.
1586 775 1614 797 c.
1637 775 1664 797 c.
1683 766 1737 797 vel
1757 775 1784 796 s.
1804 774 1832 797 0.
1852 766 2005 806 eiusdem
2020 767 2148 799 valoris
2163 770 2197 800 et

560 827 561 832 ¹
592 819 633 850 ad
649 818 804 850 eamdem
821 818 1051 854 collationem,
1068 818 1104 848 in
1121 826 1187 857 qua
1208 818 1249 849 de
1266 818 1437 857 praedictis
1461 819 1595 857 paroch.
1613 819 1693 850 eccl.
1711 819 1805 850 nulla
1821 820 1949 851 mentio
1964 819 2053 852 facta
2066 820 2141 853 fuit.
2155 839 2194 845 —

591 872 618 903 Ι.
637 881 666 903 e.
683 880 728 902 m.
748 871 863 902 abbati
875 873 1020 902 monast.
1037 871 1078 902 de
1092 870 1203 903 Reula
1219 871 1391 906 Tarbien„
1409 872 1441 902 et
1455 881 1556 911 praep.
1570 873 1794 909 Avenionen.,
1808 881 1845 903 ac
1858 873 1985 904 archid.
1996 874 2195 915 Gamagen„

591 926 754 957 Vasaten.
771 925 830 962 di.‚
847 925 928 956 eccl.
946 924 1000 965 (A.
1018 926 1068 959 25,
1087 924 1109 955 f.
1128 925 1188 955 505
1204 923 1234 959 b;
1257 924 1293 954 V.
1310 926 1360 961 81,
1379 933 1431 963 ep.
1449 926 1555 962 2607.)

636 975 777 1008 26166.
793 997 831 1001 -
850 978 966 1009 ,Ioanni
981 982 1055 1007 nato
1072 976 1198 1007 Ruelini
1211 977 1287 1008 dicti
1299 976 1452 1014 Loeselin,
1465 976 1545 1014 mil„
1560 986 1655 1017 prov.
1668 987 1785 1010 canon.
1803 979 1866 1010 suh
1880 988 1976 1020 exsp.
1991 980 2096 1020 praeb.
2112 982 2193 1014 eccl.

591 1041 619 1063 s.
638 1032 775 1064 Thomae
790 1031 1064 1071 Argentinensis.
1080 1048 1118 1053 —-
1138 1031 1164 1062 Ι.
1182 1039 1212 1062 8.
1229 1039 1275 1061 m.
1294 1030 1420 1061 decano
1438 1032 1471 1061 et
1489 1030 1639 1061 thesaur.
1657 1032 1889 1071 Argentinen„
1909 1042 1948 1064 ac
1965 1043 2052 1074 mag.
2068 1035 2193 1067 Jacobo

590 1086 631 1117 de
650 1086 790 1121 Mutina,
810 1094 882 1117 can.
898 1083 1157 1116 Cameracensis
1169 1084 1249 1115 eccl.
1266 1083 1384 1124 (Α.25,
1403 1083 1426 1114 f.
1441 1085 1501 1115 539
1517 1083 1545 1120 ¹³2
1570 1084 1606 1115 V.
1625 1085 1676 1121 81,
1692 1093 1745 1124 ep.
1758 1087 1865 1124 2691.)

633 1136 774 1169 26167.
791 1157 829 1161 -
845 1138 1046 1170 Reservatio
1065 1145 1183 1169 canon.
1203 1138 1235 1168 et
1249 1136 1353 1176 praeb.
1377 1137 1458 1168 eccl.
1481 1137 1750 1168 Assisinatensis
1767 1147 1826 1177 per
1841 1139 2067 1179 privationem
2079 1142 2193 1182 Napo-

589 1193 687 1224 leutii
704 1192 812 1230 Nerii,
833 1191 968 1232 nepotis
984 1191 1083 1222 Mutii
1100 1191 1141 1222 de
1156 1190 1303 1226 Assisio,
1320 1191 1359 1221 E.
1379 1190 1419 1221 R.
1438 1190 1631 1227 rebellium,
1655 1192 1688 1221 et
1702 1192 1918 1230 postmodum
1933 1202 1993 1232 per
2009 1195 2195 1234 professio-

589 1255 666 1278 nem
682 1255 701 1277 a
717 1246 870 1277 Mariano
887 1245 958 1276 filio
974 1245 1057 1276 Nini
1072 1245 1113 1276 de
1126 1243 1397 1281 Montemellino,
1414 1243 1497 1275 olim
1514 1244 1594 1274 cler.
1611 1244 1781 1282 perusin„
1796 1245 1831 1276 in
1847 1247 1963 1278 ordine
1981 1248 2019 1278 F.
2035 1249 2079 1280 M.
2094 1250 2195 1281 emis-

588 1309 673 1336 sam,
692 1300 898 1331 vacantium.
915 1299 968 1337 (A.
987 1300 1038 1334 25,
1056 1298 1078 1328 f.
1093 1299 1154 1330 560
1169 1303 1198 1335 ⁸;
1220 1297 1252 1328 V.
1265 1299 1318 1332 81,
1335 1305 1388 1337 ep.
1408 1298 1515 1335 2737.)

632 1350 771 1383 26168.
793 1370 831 1375 -
846 1352 965 1383 loanni
987 1362 1013 1382 s.
1035 1351 1188 1382 Theodori
1209 1351 1290 1382 diac.
1312 1350 1411 1387 card„
1435 1351 1475 1382 A.
1493 1350 1528 1381 S.
1549 1349 1660 1391 legato,
1685 1351 1797 1383 mand.
1825 1353 1861 1383 ut
1885 1361 2003 1384 canon.
2031 1356 2064 1386 et
2087 1356 2190 1395 praeb.

588 1407 784 1447 supradicta
796 1406 947 1438 conferat
960 1405 1176 1446 Burgarutio,
1192 1404 1325 1445 praefati
1341 1404 1486 1435 Mariani
1500 1404 1610 1440 fratri,
1626 1404 1706 1435 cler.
1723 1404 1900 1437 Perusino.
1915 1406 1966 1446 (A.
1979 1408 2030 1442 25,
2049 1409 2071 1439 f.
2088 1411 2149 1441 560
2160 1415 2190 1447 ·;

595 1460 629 1491 V.
644 1461 696 1497 81,
711 1469 764 1500 ep.
779 1459 888 1499 2738.)

633 1510 770 1543 26169.
789 1531 827 1536 -
845 1513 960 1544 Joanm'
973 1516 1046 1542 nato
1062 1511 1200 1543 conradi
1214 1510 1290 1542 dicti
1305 1511 1339 1542 in
1353 1510 1409 1542 der
1424 1510 1546 1542 Biunde
1561 1519 1655 1550 prov.
1673 1519 1791 1542 canon.
1804 1511 1868 1543 sub
1879 1520 1975 1552 exsp.
1992 1514 2094 1553 praeb.
2109 1517 2189 1547 8001.

587 1566 875 1599 constantiensis.
888 1584 926 1589 —
939 1567 967 1598 I.
981 1574 1010 1597 e.
1022 1574 1068 1598 m.
1082 1565 1197 1596 abbati
1214 1564 1249 1596 in
1260 1565 1386 1599 Salem,
1401 1565 1434 1595 et
1448 1573 1553 1604 praep.
1567 1564 1602 1595 in
1615 1564 1775 1604 Ittingen,
1793 1573 1854 1604 per
1870 1574 1973 1606 praep.
1990 1567 2083 1599 soliti
2099 1569 2191 1610 gub„

587 1622 746 1658 monast„
765 1620 1043 1652 Constantiensis
1059 1619 1119 1658 di.‚
1136 1627 1174 1650 ac
1190 1627 1278 1659 mag.
1299 1618 1440 1650 Nicolao
1456 1618 1497 1649 de
1513 1617 1756 1658 Campobasso,
1777 1619 1938 1650 canonico
1962 1620 2192 1654 Satrianensis

586 1674 750 1706 ecclesiae.
767 1674 820 1712 (V.
838 1675 890 1713 81,
907 1682 962 1713 ep.
979 1675 1087 1711 2777.)

632 1725 770 1758 26170.
786 1745 824 1750 -
841 1726 973 1758 Nicolao
991 1727 1063 1757 ηἀιο
1085 1725 1270 1758 Valtheride
1280 1725 1426 1762 Mesicon,
1438 1724 1512 1756 cler.
1531 1725 1744 1756 Constantien.
1768 1725 1825 1764 di.‚
1841 1727 1950 1766 gratia
1964 1736 2059 1768 exsp.
2079 1728 2189 1761 benef.

586 1782 700 1813 saecul.
718 1782 758 1820 (c.
778 1790 806 1812 c.
821 1782 861 1813 20
877 1781 931 1813 vel
945 1790 973 1812 s.
991 1789 1019 1811 c.
1035 1782 1074 1812 10
1090 1780 1216 1812 march.
1235 1781 1332 1820 arg),
1346 1779 1388 1810 ad
1397 1779 1510 1810 collat.
1527 1778 1710 1811 abbatissae
1725 1780 1758 1811 et
1767 1788 1862 1811 conv.
1882 1783 2027 1813 monast.
2046 1791 2074 1813 s.
2090 1791 2118 1814 s.
2132 1783 2194 1815 Fe-

586 1835 662 1867 licis
679 1836 712 1867 et
728 1835 867 1875 Regulae
884 1835 1080 1871 Thuricen.,
1103 1834 1143 1867 O.
1168 1834 1201 1866 S.
1222 1835 1276 1869 A..
1300 1832 1575 1865 constantiensis
1593 1833 1640 1864 di.
1662 1850 1700 1856 -—
1725 1833 1752 1864 Ι.
1768 1842 1797 1865 8.
1817 1843 1863 1865 m.
1882 1836 2028 1866 monast.
2044 1836 2080 1867 in
2097 1837 2193 1868 Ittin-

585 1897 660 1929 gen,
677 1898 737 1929 per
751 1897 854 1929 praep.
872 1888 966 1919 soliti
979 1887 1072 1928 gub..
1085 1889 1118 1919 et
1131 1887 1306 1919 saecularis
1318 1885 1640 1926 Episcopaliscellae,
1658 1887 1893 1918 constantien.
1911 1888 1970 1925 di.‚
1986 1890 2191 1929 praepositis,

585 1952 623 1975 ac
640 1951 727 1983 mag.
747 1942 889 1974 Nicolao
902 1942 943 1974 de
957 1941 1202 1981 Campobasso,
1219 1949 1292 1973 can.
1309 1940 1500 1973 Satrianen.
1517 1940 1596 1971 eccl.
1615 1939 1668 1978 (V.
1685 1941 1737 1977 81,
1754 1948 1807 1980 ep.
1826 1942 1933 1980 2778.)

630 1994 770 2026 26171.
790 2013 829 2019 -
847 1995 950 2037 Praep.
971 1999 1103 2026 monast.
1122 1995 1155 2025 in
1170 1995 1331 2035 Iltinyen„
1347 2003 1406 2035 per
1416 2003 1516 2035 praep.
1528 1992 1615 2024 soliti
1629 1993 1715 2033 qub„
1733 1998 1761 2025 et
1771 2003 1871 2035 praep.
1888 1994 1922 2024 Ε
1921 1995 2188 2037 piscopaliscellae,

587 2049 801 2082 constantien.
819 2050 877 2086 di.‚
890 2059 925 2080 ac
942 2059 1025 2089 may.
1048 2048 1208 2079 Friderico
1224 2047 1261 2079 de
1277 2047 1492 2088 Ravenspurq,
1511 2057 1579 2078 can.
1599 2045 1811 2079 Constantien.
1830 2047 1915 2085 eccl„
1932 2050 2046 2081 mand.
2066 2059 2127 2090 pro
2142 2060 2194 2083 re-

584 2105 738 2144 ceptione
754 2103 909 2135 Elizabet
925 2103 1012 2134 natae
1026 2102 1139 2133 Zoller
1156 2102 1197 2133 de
1214 2101 1420 2138 Wintertur,
1436 2101 1559 2142 puellae
1575 2100 1733 2132 litteratae
1747 2101 1980 2134 constantien.
1997 2103 2056 2141 di.‚
2076 2104 2111 2135 in
2124 2113 2192 2137 mo-

584 2159 672 2189 nast.
692 2158 728 2188 in
747 2156 959 2193 Ottembach,
983 2165 1043 2196 per
1066 2155 1268 2195 priorissam
1288 2154 1390 2186 solito
1415 2155 1495 2195 gub.
1519 2156 1551 2186 et
1572 2154 1760 2186 secundum
1785 2155 1943 2187 instituta
1966 2158 1999 2188 et
2025 2157 2089 2188 sub
2113 2167 2193 2190 cura

584 2213 621 2243 F.
640 2211 679 2244 Ο.
697 2212 736 2243 Ρ.
755 2211 936 2247 existente,
950 2210 1048 2241 dictae
1066 2209 1111 2241 di.
1132 2210 1183 2247 (A.
1204 2210 1254 2246 25,
1271 2208 1292 2239 f.
1310 2209 1370 2240 585
1385 2213 1414 2245 ⁸3
1438 2207 1471 2239 V.
1488 2209 1541 2246 81,
1558 2216 1610 2247 ep.
1626 2209 1733 2247 2782.)

628 2262 767 2295 26172.
790 2283 826 2288 -
849 2263 976 2294 Eisdem
1000 2262 1114 2294 mand.
1135 2271 1195 2302 pro
1211 2261 1404 2302 receptione
1420 2261 1555 2294 Ursulae
1575 2263 1662 2293 natae
1676 2262 1820 2293 Joaunis
1833 2263 1975 2295 Sculteti
1989 2264 2025 2295 in
2038 2265 2190 2296 Winter-

583 2320 650 2356 tur,
666 2318 788 2359 puellae
806 2318 964 2350 litteratae
978 2316 1211 2348 constantien.
1229 2316 1289 2353 di.‚
1307 2315 1342 2347 in
1354 2315 1500 2347 monast.
1515 2315 1551 2346 in
1568 2315 1690 2352 Thoos,
1705 2324 1765 2355 per
1776 2316 1978 2356 priorissam
1993 2318 2096 2350 solito
2111 2319 2188 2359 gub.

582 2375 616 2404 et
633 2372 822 2404 secundum
838 2371 995 2403 instituta
1013 2372 1046 2402 et
1061 2369 1125 2401 sub
1138 2378 1219 2401 cura
1235 2369 1272 2401 F.
1290 2369 1331 2402 Ο.
1348 2370 1386 2400 Ρ.
1405 2369 1583 2401 existente.
1600 2369 1652 2405 (A.
1667 2370 1718 2404 25,
1732 2368 1755 2399 f.
1770 2370 1830 2401 585
1849 2375 1876 2407 ⁸;
1898 2370 1933 2402 V.
1949 2372 1999 2409 81,
2017 2380 2069 2412 ep.
2084 2373 2190 2410 2783.)

627 2423 769 2457 26173.
788 2442 827 2447 -
848 2423 1014 2455 Guillelmo
1033 2423 1070 2454 de
1087 2422 1239 2454 Madrona
1257 2423 1477 2455 confirmatur
1494 2422 1679 2462 acceptatio
1709 2422 1750 2453 ab
1781 2423 1856 2462 ipso
1882 2423 1970 2456 facta
1993 2425 2033 2456 de
2053 2426 2190 2466 paroch.

582 2480 663 2512 eccl.
682 2480 722 2511 de
739 2479 841 2519 casp,
859 2478 1173 2518 caesaraugustanae
1191 2477 1251 2514 di.‚
1265 2476 1391 2508 virtute
1407 2475 1585 2516 cujusdam
1600 2475 1718 2516 gratiae
1741 2478 1850 2516 apost.
1876 2476 1944 2517 ipsi
1960 2478 2092 2517 pridem
2112 2488 2189 2511 con-

581 2537 698 2569 cessae,
714 2533 796 2564 licet
810 2532 901 2564 dicta
916 2531 998 2563 eccl.
1019 2531 1108 2570 apud
1125 2531 1159 2562 S.
1177 2531 1220 2561 A.
1236 2531 1370 2562 vacaret
1387 2538 1449 2570 per
1465 2529 1715 2560 assecutionem
1730 2529 2021 2563 archidiaconatus
2038 2532 2189 2564 ecclesiae

580 2587 772 2620 Valentiuae
787 2595 807 2618 a
821 2584 1016 2618 Raimundo
1032 2584 1178 2616 Athonis
1190 2584 1231 2615 de
1241 2583 1395 2623 Aspello,
1407 2583 1516 2623 ejusd.
1535 2582 1627 2614 sedis
1643 2591 1727 2623 cap„
1741 2584 1828 2615 auct.
1842 2583 1907 2615 litt.
1924 2586 2032 2624 apost.
2050 2584 2188 2617 factam.

581 2642 636 2681 (Α.
653 2642 704 2677 25,
722 2640 747 2672 f.
763 2642 824 2672 613
838 2645 867 2674 ⁸3
891 2638 928 2670 V.
946 2639 999 2676 81,
1018 2647 1070 2678 ep.
1088 2637 1196 2676 2837.)

625 2691 762 2724 26174.
780 2712 818 2717 -
833 2691 1007 2724 Bertrando
1024 2691 1061 2722 de
1070 2691 1201 2722 Petrilia
1215 2690 1351 2722 collatio
1362 2698 1481 2722 canon.
1495 2691 1527 2722 et
1542 2689 1645 2730 praeb.
1662 2690 1743 2721 eccl.
1760 2690 1969 2721 Turonensis
1985 2699 2045 2730 per
2057 2691 2186 2723 obitum

580 2748 671 2789 apud
684 2748 718 2779 S.
736 2748 776 2779 A.
797 2746 940 2779 Arnaldi
958 2746 999 2777 de
1014 2745 1169 2777 Petrilia.
1185 2761 1225 2767 —
1240 2744 1267 2776 I.
1285 2752 1315 2775 e.
1334 2752 1380 2775 m.
1397 2752 1503 2784 praep.
1521 2743 1788 2783 Mirapiscensis‚
1806 2744 1839 2774 et
1865 2743 1990 2775 archid.
2013 2744 2185 2784 Figiacen.

579 2802 773 2839 caturcen„
800 2809 838 2832 ac
866 2799 1062 2832 Raimundo
1084 2799 1124 2829 de
1150 2796 1381 2834 Columberio,
1405 2805 1480 2828 can.
1504 2796 1759 2828 Autisiodoren.
1788 2796 1868 2827 eccl.
1892 2797 1944 2836 (Α.
1962 2797 2014 2834 25,
2035 2797 2058 2828 f.
2075 2799 2135 2830 330
2156 2798 2185 2836 ῦς

585 2856 761 2937 [28613.
777 2854 952 2937 Ξ-Ξ-Ίὲιζηιὶο
968 2905 1005 2936 de
1019 2905 1106 2946 Rupe
1122 2904 1258 2936 collatio
1274 2912 1392 2935 canon.
1406 2904 1439 2935 et
1453 2902 1557 2943 praeb.
1573 2902 1654 2935 eccl.
1674 2902 1873 2937 Vani-ensis,
1891 2911 1962 2934 vac.
1979 2912 2039 2943 per
2054 2903 2185 2937 obitum

546 2954 549 2999 f
580 2962 670 3001 apud
681 2961 715 2993 S.
735 2961 776 2992 A.
795 2959 937 2991 Arnaldi
957 2959 998 2990 de
1013 2958 1167 2990 Petrilia.
1189 2974 1227 2980 —
1249 2957 1276 2988 Ι.
1305 2965 1333 2989 e.
1362 2965 1407 2988 m.
1437 2964 1542 2996 praep.
1567 2955 1798 2995 Mirapiscen„
1817 2956 1849 2987 et
1866 2955 1992 2988 archid.
2011 2957 2184 2998 Figiacen.
