2540 3496
337 343 396 374 386

368 430 472 457 Datum
491 423 673 457 Avenione.

370 635 666 671 5(non.)dec.1326.

465 680 494 706 T.
517 679 570 706 XL.

478 901 513 928 Ut
530 909 553 927 s.

447 946 478 972 T.
496 944 582 972 vxxlv'

341 1115 359 1141 6
375 1113 442 1149 (vin
459 1113 511 1148 id.)
524 1114 582 1141 dec.
603 1113 690 1141 1326.

409 1159 439 1186 T.
460 1159 518 1193 XV,
534 1159 616 1186 XVII.

416 1473 418 1476 ἱ
476 1437 511 1464 Ut
525 1445 548 1463 s.

437 1483 468 1509 T.
491 1482 584 1509 XXIV.

476 1705 506 1732 Ut
530 1715 554 1733 s.

460 1750 490 1776 Τ.
510 1750 564 1776 Χῖ..

470 1919 504 1946 Ut
527 1927 550 1946 S.

448 1963 478 1989 T.
500 1964 571 1990 XVI.

474 2026 506 2052 [t
526 2035 548 2052 s.

447 2071 476 2096 T.
500 2071 568 2097 xvi.

333 2130 351 2158 7
368 2131 423 2167 (vn
442 2132 494 2163 id.)
511 2133 569 2159 dec.
596 2133 684 2160 1326.

415 2177 446 2204 T.
469 2178 513 2209 XI,
535 2178 606 2204 XIII.

472 2400 507 2428 Ut
523 2409 546 2427 s.

412 2446 443 2471 T.
464 2447 510 2481 XI,
530 2446 600 2473 XIII.

469 2615 504 2643 Ut
525 2624 547 2643 s.

436 2660 467 2687 T.
487 2661 582 2689 XXIV.

309 2820 316 2825 '⁴
335 2829 354 2857 8
373 2829 415 2863 (w
432 2829 488 2864 id.)
505 2830 564 2859 dec.
586 2830 675 2859 4326.

441 2874 470 2900 ἰ·.
492 2874 573 2901 xxx.

744 337 917 368 JoANle
942 336 1059 366 I'AI’AE
1082 335 1183 365 XXII.
1207 336 1457 375 (1316-1884).
1481 353 1519 358 —
1541 335 1729 368 LITTERAE
1751 337 1978 370 COMMUNES

762 526 821 564 di.,
839 528 870 557 et
887 525 1039 557 sacristae
1058 525 1170 556 saecul.
1191 525 1271 556 eccl.
1291 533 1319 556 s.
1334 525 1461 557 Nicetii
1477 533 1516 556 ae
1530 525 1703 558 Ludovico
1719 527 1760 558 de
1779 527 1921 566 villars,
1938 538 2012 561 ean.
2028 530 2268 572 Lugdunensis
2284 533 2366 566 ecel.

762 580 815 619 (A.
836 581 888 616 26,
908 579 931 609 s.
949 580 1008 610 554
1022 583 1052 614 ¹3
1076 578 1111 610 V.
1128 579 1181 616 82,
1201 587 1254 618 ep.
1273 579 1360 618 939.)

806 630 942 662 27211.
963 649 1001 654 -
1018 631 1184 662 Francisco
1203 631 1344 669 Manecti,
1363 640 1455 664 mon.
1475 635 1622 664 monast.
1643 634 1856 674 Fontisboni,
1874 636 2107 669 Camaldulen.
2128 639 2214 677 ord„
2234 640 2366 672 Aretin.

760 686 818 721 di.,
834 686 904 725 Jam
922 685 1120 724 dispensato
1135 687 1172 716 ut
1186 694 1303 717 vocem
1321 686 1353 717 et
1368 685 1479 717 locum
1503 686 1537 716 in
1559 687 1634 718 eod.
1653 688 1738 726 ord.,
1759 690 1792 719 et
1811 689 1917 730 dign„
1935 690 2140 730 administr.,
2159 692 2215 724 off.
2239 695 2297 725 aut
2311 693 2368 726 be-

760 739 879 770 neficia
897 739 1007 778 ipsius
1018 739 1104 776 ord.‚
1118 740 1343 779 praeterquam
1354 738 1518 777 abbatias,
1535 740 1686 780 recipere
1699 744 1828 781 posset,
1839 751 1905 774 non
1917 744 2005 774 obst.
2018 745 2108 785 quod
2117 745 2199 777 olim
2215 746 2305 779 o.1‹¹.
2320 747 2365 779 M.

760 792 936 831 professus
960 792 1074 829 fuerit,
1094 801 1187 823 conc.
1204 792 1355 832 dispens.
1378 794 1415 824 ut
1442 793 1477 824 in
1500 793 1657 825 abbatem
1681 796 1824 827 monast.
1845 805 1872 828 s.
1895 797 2042 829 Zenonis
2058 798 2188 835 Pisan.,
2207 800 2290 832 dicti
2307 800 2367 833 Ca-

760 845 944 877 maldulen.
964 845 1049 883 ord.,
1069 846 1149 886 eligi
1168 846 1290 878 valeat.
1312 846 1364 883 (A.
1383 847 1435 883 26,
1453 846 1475 877 f.
1489 848 1553 878 604
1568 852 1599 885 ⁸3
1619 847 1654 879 V.
1670 849 1722 886 83,
1744 858 1796 889 ep.
1818 850 1924 890 1031.)

803 896 943 929 27212.
966 916 1004 921 -
1019 899 1130 936 Bosus,
1148 908 1250 939 praep.
1269 901 1301 931 et
1317 899 1577 932 administrator
1592 901 1672 932 eccl.
1692 903 1841 935 Aretinae
1857 904 1897 936 R.
1918 904 1956 935 E.
1979 905 2176 938 immediate
2193 906 2366 948 subjectae,

759 954 977 991 promovetur
995 953 1034 984 ad
1053 954 1285 993 episcopatum
1304 953 1436 985 Aretin.
1461 962 1522 993 per
1539 954 1765 993 privationem
1781 956 1948 989 Gnidonis
1964 959 2052 998 apud
2070 959 2103 991 S.
2122 960 2163 991 A.
2182 969 2254 992 vac.
2272 979 2310 984 —
2327 961 2368 994 In

758 1015 786 1037 e.
798 1015 842 1038 m.
861 1006 960 1046 capit.
977 1007 1057 1038 eccl.
1073 1006 1227 1043 Aretin.;
1247 1007 1337 1038 clero
1351 1007 1444 1039 civit.
1463 1009 1495 1039 et
1508 1008 1576 1045 di.;
1592 1009 1717 1049 populo
1727 1009 1819 1041 civit.
1836 1011 1869 1042 et
1885 1011 1931 1042 di.
1947 1011 2078 1044 Aretin.
2091 1021 2101 1051 ;
2113 1014 2275 1046 vassallis
2285 1015 2365 1047 ecel.

727 1077 729 1083 ·
758 1060 918 1091 Aretinae.
938 1060 992 1100 (A.
1009 1061 1061 1098 27,
1078 1060 1100 1091 f.
1115 1062 1176 1092 274
1189 1066 1218 1098 a;
1243 1060 1276 1092 V.
1292 1061 1343 1098 83,
1363 1069 1415 1100 ep.
1436 1061 1541 1100 1784.)

804 1111 940 1143 27213.
958 1131 997 1136 -
1020 1114 1192 1154 Romaque,
1216 1114 1320 1145 abbati
1337 1119 1467 1145 monast.
1497 1114 1536 1147 B.
1556 1114 1599 1146 M.
1617 1115 1654 1146 de
1678 1115 1896 1155 Sabluncellis,
1915 1117 1949 1150 0.
1967 1118 2002 1151 S.
2021 1119 2075 1158 A„
2093 1119 2287 1152 xanctonen.
2306 1120 2366 1160 di.,

759 1167 900 1198 facultas
915 1168 1050 1207 petendi
1067 1170 1099 1199 et
1116 1168 1250 1199 levandi
1269 1177 1288 1199 a
1303 1169 1524 1200 monasteriis
1539 1170 1572 1201 et
1587 1170 1669 1201 eccl.
1685 1170 1751 1210 ipsi
1768 1174 1800 1202 et
1819 1174 1964 1204 monast.
1984 1181 2046 1205 suo
2062 1173 2239 1214 subiectis,
2259 1175 2366 1208 semel

758 1221 945 1259 dumtaxat,
964 1222 1176 1253 moderatum
1195 1222 1401 1259 subsidium,
1420 1231 1480 1262 per
1495 1231 1573 1254 eum
1587 1223 1622 1254 in
1641 1225 1919 1257 exonerationem
1934 1225 2139 1264 debitorum,
2154 1228 2280 1268 quibus
2295 1237 2368 1261 mo·

758 1276 845 1306 nasi.
867 1284 967 1306 suum
984 1275 1163 1315 premitur,
1181 1275 1457 1307 convertendum.
1473 1293 1513 1299 —
1525 1276 1563 1307 In
1578 1285 1607 1308 e.
1625 1286 1670 1308 m.
1689 1286 1765 1317 ep.o
1778 1279 2005 1317 xanctonen..
2022 1282 2055 1312 et
2066 1280 2182 1312 abbati
2195 1283 2367 1315 monaste-

759 1329 800 1359 rii
821 1329 862 1359 de
879 1329 993 1360 Niolio
1010 1338 1112 1369 super
1129 1329 1303 1367 Altisiam‚
1327 1331 1359 1360 et
1382 1329 1489 1369 priori
1512 1330 1552 1361 de
1579 1331 1691 1368 BerIe,
1712 1331 1898 1364 Lucionen.
1923 1335 1955 1366 et
1981 1334 2155 1366 Pictaven.
2172 1335 2218 1367 di.
2240 1336 2293 1374 (A.
2310 1337 2365 1375 26,

758 1383 780 1413 f.
796 1383 856 1414 285
873 1382 903 1419 ¹³;
931 1382 966 1414 V.
984 1383 1035 1420 82,
1052 1391 1103 1422 ep.
1120 1384 1206 1422 360.)

801 1433 939 1466 27214.
957 1455 995 1459 -—
1010 1437 1097 1478 Εμο
1113 1447 1137 1469 s.
1158 1437 1286 1478 Populi,
1303 1442 1331 1467 et
1349 1437 1417 1468 abb.
1435 1442 1568 1469 monast.
1585 1438 1778 1471 Athanacen.
1795 1439 1992 1482 Luqdunen„
2006 1451 2041 1472 ac
2055 1442 2220 1474 lancelino
2238 1443 2276 1475 de
2290 1443 2366 1475 Cas-

756 1490 875 1528 sanhis,
894 1501 961 1521 can.
983 1491 1150 1528 mter-ren„
1168 1491 1280 1522 mand.
1301 1491 1414 1522 simile
1430 1493 1467 1522 ut
1483 1500 1598 1531 supra,
1617 1501 1649 1524 n.
1669 1494 1782 1525 27151.
1801 1494 1948 1526 Additur
1962 1497 2077 1527 tamen
2097 1497 2188 1537 quod
2202 1497 2366 1537 praefatus

757 1544 862 1575 abbas
878 1544 1085 1584 supplicavit
1103 1544 1206 1575 etiam
1220 1547 1256 1575 ut
1273 1545 1314 1575 ad
1332 1545 1538 1576 solutionem
1555 1545 1723 1578 dictorum
1740 1547 1933 1579 debitorum
1956 1549 2099 1581 minime
2114 1551 2288 1582 teneretur
2303 1558 2365 1583 nee

757 1598 902 1629 coerceri
921 1599 1049 1637 posset,
1070 1598 1135 1628 nisi
1155 1597 1380 1637 probarentur
1397 1598 1593 1639 hujusmodi
1611 1599 1725 1631 debita
1740 1601 1775 1631 in
1790 1601 1975 1633 utilitatem
1990 1605 2136 1634 monast.
2154 1604 2210 1635 sui
2226 1603 2365 1636 realiter

756 1652 827 1682 fore
843 1660 1016 1682 conversa.
1035 1651 1087 1690 (A.
1106 1652 1156 1689 26,
1175 1651 1199 1682 f.
1213 1652 1272 1682 288
1282 1657 1310 1689 ⁸;
1330 1651 1362 1682 V.
1385 1653 1435 1689 82,
1451 1661 1503 1692 ep.
1521 1654 1607 1692 364.)

800 1702 935 1733 27215.
955 1723 993 1727 -
1009 1705 1113 1735 Abbas
1133 1710 1265 1736 monast.
1282 1705 1319 1735 de
1338 1704 1443 1735 Niolz‘o
1460 1715 1557 1746 super
1574 1705 1732 1744 Afflsiam,
1754 1707 1936 1739 Malleacen.
1953 1708 2010 1746 di.,
2026 1714 2054 1740 et
2070 1710 2163 1751 prior
2176 1720 2200 1742 ε.
2221 1710 2365 1743 Severini

755 1758 979 1798 Burdeyalen..
998 1768 1033 1788 ac
1049 1758 1184 1789 decanus
1200 1758 1273 1789 eccl.
1290 1769 1314 1788 s.
1331 1758 1453 1789 Hilarii
1465 1759 1627 1790 Pictaven.
1643 1761 1766 1792 dantur
1781 1763 1817 1793 ut
1829 1762 1963 1802 judices
1976 1765 2236 1796 conservatores
2249 1764 2364 1798 abbati

757 1813 789 1842 et
806 1821 901 1842 conv.
925 1814 1071 1843 monast.
1093 1813 1130 1843 B.
1149 1813 1194 1843 M.
1211 1813 1252 1843 de
1267 1811 1504 1850 Sabloncellis,
1523 1813 1561 1845 O.
1579 1813 1612 1845 S.
1630 1814 1684 1851 A..
1698 1815 1912 1846 Xanctonen.
1931 1816 1990 1855 di.,
2012 1817 2054 1848 ad
2076 1817 2362 1858 quinquennium.

755 1865 805 1905 (Α.
829 1867 878 1901 66,
900 1866 922 1896 f.
945 1867 1044 1902 175a,·
1073 1866 1105 1895 ν.
1124 1867 1177 1904 82,
1195 1875 1247 1905 ep.
1262 1867 1348 1904 370.)

798 1916 937 1948 27216.
956 1937 993 1941 -
1010 1919 1129 1949 loanni
1146 1919 1321 1950 Redorterii
1336 1919 1373 1949 de
1398 1919 1555 1958 Bellania,
1585 1921 1665 1952 cler.
1692 1922 1826 1961 Aquen.
1846 1922 1906 1960 di.,
1933 1931 2027 1955 conc.
2044 1923 2288 1958 tabellionatus
2306 1926 2361 1958 off.

754 1973 807 2011 (A.
823 1974 873 2006 26,
892 1972 914 2003 f.
933 1974 990 2004 156
1008 1972 1037 2010 1>3
1059 1972 1090 2004 V.
1110 1974 1160 2011 82,
1183 1981 1236 2012 ep.
1253 1974 1359 2010 1002.)

799 2023 935 2055 27217.
953 2043 990 2047 -
1005 2026 1122 2057 ,Ιοαηηί
1138 2026 1224 2056 Petri
1234 2026 1270 2056 de
1283 2026 1438 2064 Mac-eriis,
1451 2027 1530 2058 cler.
1548 2027 1690 2059 Remen.
1707 2029 1768 2066 di.,
1784 2038 1874 2061 conc.
1889 2030 2003 2062 simile
2015 2031 2068 2062 off.
2084 2032 2138 2072 (A.
2150 2033 2203 2071 26,
2217 2032 2241 2064 f.
2258 2034 2318 2066 156
2330 2033 2361 2072 1>;

759 2079 794 2109 V.
813 2081 863 2115 82,
883 2088 936 2119 ep.
959 2080 1063 2119 1003.)

799 2130 934 2161 27218.
958 2151 994 2155 -
1014 2133 1105 2164 Petro
1122 2133 1157 2163 de
1173 2133 1285 2164 Bordis
1301 2134 1438 2166 collatio
1452 2143 1570 2166 canon.
1585 2134 1648 2165 sub
1665 2143 1761 2176 exsp.
1774 2136 1876 2176 praeb.
1893 2138 1931 2169 B.
1948 2137 1994 2169 M.
2008 2138 2200 2176 Belnensis‚
2214 2139 2360 2172 AEduen.

754 2186 812 2223 di.,
831 2187 912 2218 eccl.
931 2196 940 2222 3
958 2195 1025 2218 non
1044 2187 1131 2218 obst.
1151 2187 1286 2226 paroch.
1305 2187 1386 2219 eccl.
1405 2188 1445 2219 de
1466 2188 1583 2226 Levia,
1602 2189 1755 2229 ejusdem
1772 2190 1832 2226 di.,
1850 2192 1988 2231 propter
2009 2200 2106 2223 suam
2125 2195 2361 2233 paupertatem

756 2249 821 2270 non
839 2241 879 2270 ad
897 2241 1062 2271 decimam
1076 2243 1203 2272 taxata.
1225 2259 1262 2264 —
1279 2242 1319 2272 In
1337 2250 1367 2273 e.
1383 2250 1429 2272 m.
1446 2241 1559 2273 abbati
1578 2243 1691 2274 saecul.
1711 2243 1744 2273 b.
1761 2244 2003 2276 Bartholomaei
2017 2245 2057 2276 de
2075 2246 2269 2279 Corviduno
2284 2247 2363 2290 (leqe

753 2295 972 2333 Cerviduno),
987 2295 1173 2326 AEduensis
1192 2295 1251 2333 di.,
1268 2296 1300 2327 et
1314 2296 1441 2327 decano
1456 2304 1493 2327 ac
1510 2297 1640 2328 cantori
1655 2297 1802 2330 AEduen.
1821 2298 2054 2330 ecclesiarum.
2075 2299 2127 2338 (A.
2144 2301 2196 2336 26,
2215 2301 2239 2332 f.
2255 2303 2313 2334 301
2327 2307 2359 2340 ·;

759 2348 793 2379 V.
815 2349 866 2385 82,
885 2357 937 2387 ep.
957 2350 1044 2385 393.)

797 2399 935 2431 27219.
953 2420 992 2424 -
1005 2402 1106 2433 Paulo
1123 2402 1293 2444 Raynaldi,
1312 2403 1425 2443 presb.
1441 2404 1690 2442 camerinensi,
1709 2404 1818 2444 gratia
1833 2412 1930 2445 exsp.
1945 2405 2056 2437 benef.
2076 2406 2266 2440 ecclesiast.
2283 2417 2313 2440 s.
2330 2418 2358 2441 6.

753 2455 805 2485 vel
824 2465 850 2486 c.
869 2465 896 2486 c.
916 2456 968 2495 (50
985 2456 1058 2487 flor.
1078 2457 1179 2495 auri),
1195 2457 1236 2487 ad
1250 2457 1377 2488 archid.
1398 2458 1431 2488 et
1446 2457 1588 2497 capituli
1603 2458 1685 2488 eccl.
1703 2458 1958 2490 Camerinensis
1975 2459 2238 2499 dispositionem
2256 2463 2358 2502 perti-

752 2509 876 2540 nentis.
897 2526 932 2531 -
949 2509 986 2539 In
1004 2518 1031 2540 e.
1051 2519 1095 2540 m.
1116 2510 1222 2549 priori
1242 2519 1269 2541 s.
1288 2510 1380 2541 Justi
1397 2510 1439 2541 de
1454 2511 1576 2542 Sancto
1591 2510 1702 2547 Justo.
1720 2513 1752 2542 et
1776 2511 1921 2550 plebano
1944 2512 2055 2552 plebis
2075 2513 2218 2552 Saverii,
2238 2515 2358 2548 Came-

752 2562 859 2593 rinen.
880 2562 939 2597 di.,
957 2571 994 2593 ac
1008 2563 1146 2594 scolast.
1164 2563 1243 2594 eccl.
1264 2564 1465 2603 Ispalensis.
1485 2563 1539 2604 (A.
1560 2565 1611 2601 26,
1629 2564 1652 2594 f.
1671 2566 1731 2596 349
1747 2564 1777 2601 ὓς
1803 2564 1839 2596 V.
1859 2566 1911 2604 82,
1927 2574 1979 2605 ep.
1999 2567 2084 2606 511.)

796 2613 931 2644 27220.
952 2633 987 2638 —
1005 2617 1140 2647 ,Ioannes
1156 2616 1192 2647 de
1211 2616 1351 2656 Lemeqo,
1370 2617 1408 2649 O.
1432 2617 1469 2648 F.-
1486 2617 1531 2648 M.
1552 2617 1738 2656 professor,
1761 2618 1799 2649 fit
1812 2627 1911 2658 ep.us
1929 2619 2126 2659 Scopiensis
2143 2621 2239 2659 eccl.‚
2259 2622 2301 2655 R.
2315 2623 2356 2655 E.

750 2669 947 2700 immediate
964 2669 1123 2709 subjectae
1142 2671 1174 2701 et
1190 2678 1250 2709 per
1268 2670 1398 2702 obitum
1414 2670 1557 2702 Joannis
1576 2670 1611 2701 in
1636 2671 1772 2703 civitate
1803 2672 2000 2704 Coloniensi
2022 2673 2174 2706 defuncti
2190 2675 2356 2712 vacantis,

750 2731 826 2753 cum
841 2723 1132 2754 testimonialibus
1151 2725 1336 2756 consecrat.
1356 2724 1424 2764 ipsi
1441 2724 1483 2755 ab
1497 2723 1641 2756 Isnardo
1659 2725 1831 2765 archiep.o
1847 2725 1995 2758 Theban.
2014 2727 2104 2767 apud
2115 2727 2149 2759 S.
2166 2728 2206 2760 A.
2226 2728 2357 2770 impen-

749 2785 805 2807 sae.
825 2776 878 2816 (A.
897 2778 948 2814 26,
968 2777 991 2807 f.
1009 2778 1068 2808 385
1085 2782 1114 2813 ¹³5
1135 2776 1172 2808 V.
1191 2778 1243 2813 82,
1263 2786 1316 2817 ep.
1336 2779 1421 2814 567.)

795 2827 930 2859 27221.
951 2849 988 2853 —
1009 2830 1185 2861 Beni-ando
1202 2841 1227 2861 s.
1244 2830 1386 2861 Marcelli
1397 2831 1497 2871 presb.
1515 2831 1613 2870 card„
1632 2832 1668 2863 S.
1685 2832 1722 2863 A.
1744 2832 1857 2874 leqato,
1873 2833 1987 2864 mand.
2007 2834 2043 2865 ut
2057 2835 2174 2865 contra
2191 2834 2356 2876 Gualper-

747 2884 855 2915 tinum
877 2883 1032 2915 abbatem
1050 2886 1194 2916 monast.
1213 2893 1241 2915 s.
1259 2885 1404 2916 Justinae
1423 2886 1603 2925 Paduanae,
1619 2886 1658 2918 O.
1677 2886 1710 2917 S.
1728 2887 1780 2923 Β.,
1797 2886 1948 2927 inquirat
1965 2895 2068 2927 super
2084 2896 2124 2919 eo
2147 2889 2248 2928 quod,
2268 2897 2355 2921 mar·

748 2937 925 2968 chionibus
942 2937 1145 2969 Estensibus
1164 2938 1404 2974 schismaticis,
1425 2939 1465 2971 R.
1485 2939 1525 2971 E.
1545 2939 1732 2971 rebellibus
1748 2942 1780 2971 et
1800 2940 1840 2971 de
1855 2940 1976 2972 haeresi
1997 2941 2231 2973 condemnatis
2247 2942 2354 2975 adhae-

749 3000 838 3027 rens,
855 2991 1065 3031 conspiravit
1076 2993 1112 3023 ut
1129 2991 1250 3023 civitas
1263 2991 1425 3023 Paduana
1437 2993 1629 3025 traderetur
1643 2994 1772 3025 eisdem
1787 2993 2059 3032 marchionibus;
2072 3003 2176 3035 quare
2188 2995 2354 3035 quosdam
2415 3024 2418 3026 .

749 3046 898 3076 armatos
915 3044 949 3075 in
965 3045 1105 3084 praefato
1123 3047 1271 3077 monast.
1290 3046 1452 3078 adunavit
1471 3047 1502 3078 et
1527 3055 1629 3078 manu
1651 3049 1782 3078 armata
1808 3047 1952 3087 ipsemet
1978 3056 2038 3087 per
2058 3048 2190 3088 plateas
2204 3048 2355 3081 civitatis
