2540 3496
0 1348 18 1431 ὲ,

181 457 287 484 Datum
310 448 496 484 Avenione.

225 557 266 585 23
284 565 346 593 apr.
367 556 456 585 132⁶.

225 603 267 638 (ix
283 602 343 630 kal.
358 601 451 637 maii.)

283 646 314 673 T.
335 645 392 673 XX.

305 1036 340 1064 Ut
364 1045 389 1064 s.

278 1082 310 1109 Τ.
330 1081 412 1109 XXX.

308 1358 345 1386 Ut
363 1366 387 1385 s.

282 1403 314 1430 T.
335 1402 415 1431 XXX.

308 1734 346 1761 Ut
366 1742 390 1761 s.

269 1779 300 1806 T.
323 1778 429 1806 XXXII.

315 1894 349 1921 Ut
363 1902 387 1921 s.

298 1939 329 1966 T.
347 1938 402 1966 XL.

317 2483 354 2510 Ut
372 2490 396 2509 s.

305 2528 336 2554 T.
351 2527 407 2554 XL.

318 2589 354 2616 Ut
373 2597 396 2615 s.

290 2634 322 2660 T.
343 2633 425 2660 XXX.

550 363 725 396 JOANNIS
749 364 867 395 PAPAE
889 363 992 394 XXII.
1015 365 1327 404 <1316-1334)..-
1350 360 1537 392 LITTERAE
1561 359 1787 391 COMMUNES
2133 363 2191 392 169

630 551 766 583 25075.
787 572 825 577 —
844 554 879 585 S.
899 554 1017 586 Albani
1035 558 1064 584 et
1078 564 1103 585 s.
1119 553 1228 585 Jacobi
1243 557 1377 584 monast.
1394 552 1479 588 abb.,
1496 562 1532 583 ac
1547 552 1667 582 cantori
1684 551 1756 582 ecel.
1775 561 1798 584 s.
1826 551 1960 583 Victoris
1983 556 2072 583 extra
2089 561 2194 582 muros

585 607 783 648 Maquminos
801 608 915 639 mand.
940 608 977 638 ut
994 607 1176 639 decernant
1190 606 1281 647 quod
1299 606 1436 646 justitia
1453 605 1610 637 suadebit
1626 605 1741 637 favore
1756 605 1932 636 Salmanni
1951 605 2115 645 praedicti,
2135 606 2195 645 qui

586 670 689 701 super
705 670 822 692 canon.
842 662 875 692 et
895 661 999 701 praeb.
1018 660 1099 692 eccl.
1125 660 1369 696 wormacien„
1387 668 1447 699 per
1469 659 1506 691 P.
1523 659 1561 690 Ρ.
1589 659 1657 698 ipsi
1679 658 1825 696 collatis
1845 660 1985 698 propter
2009 659 2194 690 contradic-

585 715 713 746 tionem
729 714 871 754 capituli
889 723 950 754 per
968 714 1086 754 plures
1098 722 1206 745 annos
1221 722 1298 745 cum
1312 714 1363 744 eis
1378 712 1469 753 apud
1484 713 1518 744 S.
1538 714 1577 744 A.
1593 712 1753 752 litigavit,
1768 712 1816 744 ita
1829 712 1920 752 quod
1934 721 1995 752 per
2008 712 2195 744 triennium

586 770 618 799 et
636 768 727 799 ultra
741 768 873 799 fructus
894 768 1027 808 aliquos
1046 776 1111 798 non
1126 767 1288 807 percepit.
1305 767 1390 798 Cum
1405 768 1519 798 autem
1532 766 1621 797 inter
1637 774 1696 797 eos
1716 774 1824 806 nuper
1838 767 1983 797 tractata
2001 766 2046 797 sit
2061 775 2197 798 concor-

586 821 654 859 dia,
679 822 762 853 dicti
783 820 975 861 capitulum*
994 821 1207 861 praetendunt
1231 820 1272 851 de
1297 819 1542 851 consuetudine
1566 820 1601 850 in
1623 820 1784 859 praedicta
1809 819 1889 851 eccl.
1912 819 2087 851 observari
2107 820 2197 860 quod

587 877 900 915 quantumcumque
916 874 1042 914 aliquis
1057 874 1098 905 de
1112 882 1230 905 canon.
1253 874 1285 904 et
1302 873 1406 913 praeb.
1426 873 1536 912 ipsius
1552 873 1633 904 eccl.
1652 873 1850 913 litigaverit,
1867 875 1944 913 post
1960 874 2111 913 sopitum
2127 873 2197 905 liti-

587 928 681 968 gium
706 929 739 959 et
755 928 910 968 ipsorum
929 927 1145 967 adeptionem
1166 926 1410 966 possessionis,
1434 926 1539 957 iidem
1564 926 1752 966 capitulum
1775 935 1834 966 per
1858 927 2045 958 triennium
2067 927 2198 959 fruetus

588 982 734 1013 istorum
751 989 869 1012 canon.
887 982 920 1012 et
937 980 1039 1020 praeb.
1055 979 1179 1011 debent
1195 979 1369 1020 percipere
1388 981 1422 1010 et
1437 979 1573 1011 habere.
1601 980 1654 1020 (A.
1672 981 1724 1018 25,
1748 980 1771 1011 f.
1790 981 1830 1011 40
1847 979 1877 1017 ¹³3
1908 979 1939 1010 V.
1953 981 2005 1017 81,
2023 989 2076 1020 ep.
2094 980 2198 1020 1599.)

633 1031 771 1065 25076.
790 1051 830 1057 —-
846 1033 882 1064 S.
897 1033 1016 1064 Albam·
1031 1037 1059 1063 et
1070 1043 1096 1064 s,
1112 1032 1222 1064 Jacobi
1236 1037 1326 1063 extra
1341 1042 1444 1063 muros
1455 1032 1655 1073 Maquncinos
1665 1037 1794 1064 monast.
1808 1033 1889 1070 abb„
1903 1038 1932 1064 et
1941 1033 2057 1064 decano
2067 1044 2092 1065 ε.
2106 1034 2200 1066 ιῘοανι-

589 1089 637 1119 nis
655 1098 691 1118 ac
707 1088 811 1129 priori
823 1087 959 1127 fratrum
978 1086 1012 1117 0.
1036 1086 1074 1116 Ρ.
1100 1086 1276 1126 Maquntin.
1304 1087 1431 1122 mand,
1449 1086 1595 1126 supplic.
1616 1087 1815 1124 camerario,
1842 1087 1996 1122 sculteto,
2013 1087 2199 1127 judicibus,

590 1132 789 1173 consulibus
807 1142 907 1181 atque
923 1139 1056 1171 civibus
1072 1140 1274 1180 Maguntin„
1292 1141 1330 1171 ut
1346 1139 1522 1171 inhibeant
1537 1139 1744 1171 officialibus
1759 1141 1861 1171 curiae
1878 1141 2083 1181 Maguntinae
2101 1150 2141 1172 ne
2158 1141 2202 1172 ad.

590 1195 789 1226 instantiam
815 1193 1016 1234 quorumvis
1029 1193 1184 1233 judicum
1203 1193 1392 1225 ecclesiast.
1418 1195 1449 1224 et
1469 1202 1535 1224 non
1559 1194 1852 1233 suffraganeorum
1872 1194 1953 1225 eccl.
1981 1195 2200 1235 Maguntinae,

590 1258 652 1289 pro
675 1248 810 1279 delictis
827 1247 909 1278 alibi
934 1247 1144 1284 commissis,
1163 1247 1338 1278 civitatem
1360 1247 1595 1286 Maguntinam
1622 1247 1853 1278 ecclesiastico
1881 1250 2073 1288 supponant
2096 1248 2202 1279 inter-

591 1302 691 1333 dicto.
707 1302 758 1341 (A.
775 1302 826 1339 25,
843 1301 866 1332 s.
881 1302 920 1332 52
939 1300 971 1338 b,
995 1300 1030 1331 V.
1046 1302 1098 1338 81,
1116 1309 1167 1340 ep.
1187 1301 1292 1340 1622.)

636 1352 772 1384 25077.
801 1373 838 1377 -
867 1354 1037 1395 Archiep.o
1056 1354 1241 1394 Mayuntino
1262 1354 1377 1386 mand.
1403 1355 1440 1385 ut
1467 1363 1486 1385 a
1512 1354 1647 1385 clericis
1670 1354 1820 1385 civitatis
1844 1355 2050 1395 Maguntinae
2075 1357 2204 1387 statuta

592 1409 815 1449 municipalia
832 1408 983 1440 civitatis
999 1408 1106 1448 ejusd.
1128 1407 1303 1440 observari
1321 1407 1436 1445 faciat,
1456 1407 1603 1447 supplic.
1621 1408 1820 1445 camerario,
1840 1409 1997 1445 sculteto,
2015 1409 2201 1448 Judicibus,

592 1461 792 1494 consulibus
811 1463 844 1493 et
857 1461 990 1493 civibus
1007 1461 1209 1502 Maguntin„
1226 1461 1461 1493 asserentibus
1477 1462 1568 1501 quod
1583 1461 1716 1501 praefati
1733 1461 1862 1499 clerici,
1879 1462 2050 1493 interdum
2067 1464 2201 1501 armati,

591 1516 764 1548 interdum
788 1515 891 1547 etiam
918 1524 985 1547 non
1010 1515 1144 1553 armati,
1164 1515 1291 1546 dictam
1315 1516 1442 1546 exeunt
1460 1514 1631 1546 civitatem
1650 1515 1691 1545 ad
1711 1515 1950 1547 offendendum
1966 1516 2124 1556 proprios
2142 1517 2205 1548 ini-

592 1570 712 1607 minos,
728 1578 770 1601 ex
788 1578 855 1609 quo
870 1569 979 1601 multa
996 1569 1087 1600 mala
1102 1570 1135 1600 et
1150 1568 1312 1600 scandala
1328 1568 1549 1605 suscitantur,
1570 1570 1602 1599 et
1617 1570 1734 1600 contra
1752 1569 1842 1600 dicta
1857 1571 1997 1607 statuta,
2013 1578 2074 1609 pro
2091 1569 2204 1602 ohser-

593 1624 728 1655 vatione
743 1623 838 1663 pacis
854 1623 956 1658 edita,
971 1623 1012 1654 de
1027 1623 1082 1654 die
1098 1624 1131 1654 et
1144 1622 1185 1654 de
1198 1623 1308 1660 nocte,
1324 1622 1428 1653 etiam
1440 1624 1517 1661 post
1532 1631 1654 1653 sonum
1670 1631 1853 1663 campanae,
1870 1623 1991 1654 armati
2003 1624 2206 1664 quandoque

594 1677 765 1708 incedunt.
784 1677 836 1716 (Α.
855 1678 906 1715 25,
924 1676 948 1707 f.
967 1677 1007 1708 60
1026 1681 1055 1714 ²3
1080 1675 1113 1708 V.
1130 1677 1182 1713 81,
1196 1684 1249 1716 ep.
1270 1677 1375 1715 1629.)

638 1728 777 1761 25078.
799 1750 835 1754 -
855 1730 892 1762 S.
915 1730 1032 1761 Albani
1046 1735 1073 1761 et
1087 1740 1110 1761 s.
1128 1730 1237 1761 Jacobi
1253 1733 1344 1760 eaetra
1363 1739 1466 1760 muros
1484 1730 1684 1770 Maqurztinos
1698 1736 1827 1761 monast.
1846 1730 1928 1767 abb„
1945 1741 1981 1761 ac
1996 1731 2112 1762 decano
2131 1731 2204 1762 eccl.

594 1795 618 1816 s.
634 1785 764 1816 Ioannis
781 1789 809 1815 et
826 1785 929 1826 priori
941 1786 1078 1823 fratrum
1097 1783 1132 1814 Ο.
1151 1784 1190 1815 P.
1208 1783 1382 1824 Maqumin.
1398 1784 1511 1814 mand.
1529 1785 1565 1814 ut
1579 1784 1756 1815 deficiente
1774 1784 1914 1823 praefato
1933 1785 2103 1825 archiep.o
2122 1795 2207 1825 prae-

594 1839 702 1870 missa
715 1838 895 1878 adimpleri
911 1839 1040 1870 curent.
1058 1838 1110 1877 (A.
1125 1839 1178 1875 25,
1194 1837 1218 1868 f.
1237 1838 1278 1869 60
1290 1843 1323 1873 ⁸;
1342 1837 1378 1868 V.
1397 1839 1448 1874 81,
1467 1846 1518 1877 ep.
1538 1838 1644 1876 1630.)

640 1889 776 1922 25079.
795 1909 833 1913 -
850 1892 1020 1932 Arch1·ep.o
1043 1891 1241 1932 Maquntino.
1265 1891 1507 1931 Significarunt
1531 1891 1753 1928 camerarius,
1773 1892 1950 1929 scultetus,
1966 1892 2109 1932 judices,
2130 1902 2206 1924 con-

596 1946 689 1977 sules
706 1948 738 1977 et
757 1946 848 1977 cives
863 1945 996 1985 praefati
1011 1945 1113 1985 quod,
1131 1945 1211 1976 licet
1226 1953 1287 1984 pro
1303 1945 1476 1975 communi
1492 1944 1580 1975 bono
1600 1944 1698 1976 dictae
1716 1945 1867 1976 civitatis
1885 1954 1945 1985 per
1961 1946 2057 1985 ipsos
2077 1948 2206 1978 statua-

594 2001 650 2031 tur
667 1999 881 2039 srequentius
904 2001 940 2030 ut
957 1999 1075 2030 vinum
1094 1998 1260 2030 vendatur
1278 1998 1321 2029 ad
1338 1999 1466 2029 certam
1487 2007 1696 2035 mensuram,
1718 1999 1751 2030 et
1768 2007 1829 2038 pro
1852 1999 2026 2030 communi
2044 2000 2154 2039 pretio
2175 2002 2208 2032 et

596 2062 663 2084 non
681 2053 782 2087 ultra,
801 2061 838 2083 ac
861 2060 923 2092 per
943 2051 1130 2092 quemlibet
1154 2052 1356 2083 vendentem
1377 2051 1517 2091 quidam
1541 2052 1715 2089 denarius,
1734 2052 1792 2091 qui
1814 2061 1830 2082 <‹
1850 2052 2025 2092 ungeltum
2047 2063 2063 2083 »
2083 2053 2117 2084 in
2136 2054 2208 2085 illis

596 2106 750 2147 partibus
766 2106 902 2143 dicitur,
919 2105 1147 2145 persolvatur,
1166 2108 1280 2136 tamen
1300 2105 1432 2145 praelati
1448 2114 1508 2136 seu
1525 2105 1604 2136 cler.
1622 2105 1825 2145 Maguntini‚
1842 2106 1977 2145 quando
1993 2106 2111 2138 vinum
2129 2116 2206 2139 ven·

597 2161 681 2192 dunt
699 2169 759 2191 seu
774 2159 874 2191 vendi
891 2159 1031 2196 faciunt,
1046 2159 1174 2190 dictum
1191 2159 1370 2190 denarium
1387 2158 1537 2190 indebite
1554 2158 1687 2190 solvere
1703 2159 1951 2190 contradicunt.
1968 2160 2080 2196 Quare
2094 2162 2207 2192 mand.

598 2214 768 2253 archiep.o
788 2214 825 2244 ut
843 2221 962 2244 omnes
977 2214 1010 2244 et
1027 2212 1182 2252 singulos
1200 2213 1294 2250 cler.‚
1311 2213 1352 2243 de
1367 2212 1493 2252 quibus
1508 2212 1575 2252 ipsi
1593 2213 1785 2244 constiterit
1803 2207 1893 2252 quod
1909 2216 2060 2253 emptum
2076 2214 2206 2252 vinum,

598 2268 704 2299 veluti
727 2267 969 2307 negotiatores,
995 2266 1031 2297 in
1050 2266 1169 2297 eadem
1189 2265 1282 2297 civit.
1303 2266 1463 2303 vendant,
1492 2265 1675 2297 efficaciter
1699 2268 1835 2297 moneat
1856 2268 1893 2298 ut
1915 2276 1933 2297 a
1955 2267 2083 2298 talibus
2108 2268 2210 2300 absti-

599 2323 700 2353 neant
722 2323 754 2352 et
778 2320 957 2358 desistant,
982 2320 1152 2360 quodque,
1174 2319 1205 2351 si
1221 2319 1418 2359 hujusmodi
1435 2319 1615 2351 monitioni
1636 2328 1703 2350 non
1725 2321 1878 2359 pareant,
1896 2321 2059 2360 quamdiu
2081 2330 2116 2353 se
2136 2322 2210 2353 tali·

599 2376 664 2407 bus
679 2373 933 2410 immiscebunt,
954 2373 1054 2413 juxta
1071 2375 1238 2405 statutum
1254 2374 1479 2413 praenotatum
1501 2373 1633 2405 solvere
1650 2373 1831 2413 compellat
1853 2374 2030 2406 denarium
2055 2376 2209 2415 praeliba-

600 2431 684 2460 tum.
705 2428 756 2466 (A.
774 2427 862 2464 25‚.f.
879 2428 919 2458 60
936 2426 965 2463 ¹³;
987 2426 1023 2458 V.
1045 2427 1096 2462 81,
1113 2435 1166 2466 ep.
1183 2426 1289 2466 1632.)

645 2478 781 2510 25080.
801 2499 837 2503 —
849 2480 919 2511 Jam
932 2479 1022 2511 dictis
1031 2480 1191 2520 judicibus
1206 2480 1256 2520 (ut
1269 2489 1311 2517 s.,
1330 2489 1362 2511 n.
1377 2480 1492 2518 25078)
1508 2480 1621 2511 mand.
1639 2482 1675 2511 ut
1691 2480 1868 2512 deficiente
1883 2481 2022 2520 praefato
2039 2482 2210 2522 archiep.o

601 2535 777 2576 praemissa
792 2536 910 2565 curent
925 2534 1147 2565 effectualiter
1163 2533 1356 2573 adimpleri.
1381 2533 1434 2571 (A.
1459 2535 1510 2570 25,
1532 2533 1554 2565 f.
1573 2535 1614 2565 60
1631 2533 1659 2570 b;
1681 2534 1716 2565 V.
1736 2535 1786 2571 81,
1805 2543 1858 2574 ep.
1876 2536 1979 2573 1633.)

648 2585 785 2618 25081.
808 2606 846 2611 --
868 2587 1042 2618 Salmanno
1061 2591 1133 2618 nato
1154 2586 1308 2628 quondam
1333 2587 1466 2618 Joannis
1487 2586 1564 2617 dicti
1588 2586 1724 2624 Cleman,
1751 2596 1855 2627 praep.
1881 2588 1962 2619 eccl.
1993 2597 2020 2620 s.
2048 2589 2212 2628 Stephani

602 2642 804 2682 Maguntini‚
831 2641 982 2680 dispens.
1007 2649 1111 2680 super
1133 2649 1172 2671 eo
1198 2640 1289 2680 quod
1311 2640 1547 2680 progenitores
1568 2641 1642 2680 eJus
1660 2649 1782 2680 magna
1803 2641 1837 2671 in
1855 2641 1992 2672 civitate
2015 2642 2212 2682 Maguntina

603 2695 715 2727 officia
739 2696 919 2734 gesserunt
936 2703 978 2726 ex
1001 2703 1068 2734 quo
1086 2694 1252 2734 possibile
1277 2694 1323 2725 sit
1344 2702 1460 2733 poenas
1481 2693 1666 2724 incurr1sse
1686 2702 1794 2733 usque
1813 2694 1854 2725 ad
1874 2703 1936 2725 1v·-
1957 2696 2211 2734 generationem

600 2749 698 2789 juxta
722 2749 849 2779 statuta
866 2748 1089 2787 provincialis
1104 2747 1240 2779 concilii
1262 2747 1452 2787 Maguntini
1471 2747 1665 2784 duraturas,
1690 2750 1828 2787 propter
1845 2748 2047 2787 captionem,
2074 2749 2212 2781 occisio·

605 2811 694 2841 nem,
720 2801 991 2832 vulnerationem
1018 2802 1075 2832 aut
1099 2801 1202 2832 aliam
1223 2800 1400 2832 laesionem
1427 2808 1650 2843 personarum
1675 2801 1864 2831 ecclesiast.
1891 2801 1944 2839 (A.
1972 2802 2022 2838 25,
2048 2801 2070 2831 f.
2098 2803 2155 2832 118
2183 2807 2211 2839 ⁸;

612 2854 645 2884 V.
663 2855 714 2888 81,
732 2863 783 2894 ep.
805 2855 909 2893 1757.)

650 2905 786 2936 25082.
809 2925 847 2930 -
864 2908 957 2938 Petro
971 2907 1130 2948 archiep.0
1149 2907 1421 2947 Caesaraugustam
1438 2906 1581 2938 facultas
1593 2906 1776 2946 recipiendi
1792 2915 1810 2936 a
1826 2906 1974 2937 Roberto
1984 2907 2115 2945 Didae-i,
2131 2908 2211 2940 cler.

607 2970 668 2992 suo
694 2961 928 2998 commensali,
953 2961 1114 3001 resignat.
1132 2969 1264 2997 canon.,
1281 2960 1398 3000 praeb.‚
1416 2959 1727 2999 praestimoniorum
1746 2961 1778 2989 et
1799 2960 2117 2998 praestimonialium
2135 2970 2212 3000 por-

606 3014 736 3045 tionum
765 3014 932 3045 Conchen.
953 3015 986 3045 et
1005 3013 1173 3054 Segobien
1212 3013 1307 3050 eccl„
1329 3021 1367 3044 ac
1392 3013 1508 3044 eadem
1534 3012 1645 3043 benef.
1669 3012 1827 3051 personis
1853 3012 1985 3043 idoneis
2005 3013 2213 3046 conferendi.

606 3067 659 3107 (A.
680 3068 732 3102 25,
752 3067 774 3098 f.
791 3068 850 3097 247
868 3071 895 3104 ·;
923 3066 954 3097 V.
968 3068 1020 3102 81,
1038 3075 1090 3106 ep.
1109 3066 1219 3106 2108.)

325 3120 470 3148 JOANMS
491 3121 571 3147 XXll.
594 3136 627 3140 ——-
647 3121 677 3147 ’1“.
703 3120 745 3146 Vl.
