2540 3496
303 352 363 383 302

339 439 441 467 Datum
462 431 641 466 Avenione.

374 540 411 568 {7
430 547 492 574 apr.
511 537 599 567 1326.

369 586 422 620 (xv
439 583 498 612 kal.
516 581 610 614 maii.)

444 1177 479 1204 Ut
499 1184 523 1204 s.

442 1390 478 1417 Ut
498 1397 522 1417 s.

438 1549 475 1577 Ut
494 1556 518 1576 s.

442 1761 475 1789 Ut
491 1770 514 1789 S.

435 2029 471 2057 Ut
495 2036 518 2057 s.

437 2188 474 2216 Ut
490 2197 512 2216 s.

439 2401 471 2429 Ut
488 2410 511 2429 s.

434 2720 471 2748 Ut
489 2728 512 2748 s.

432 2934 468 2962 Ut
489 2942 512 2961 S.

712 339 884 372 JOANNIS
909 337 1027 368 l’Al’AE
1050 335 1150 366 xxii.
1176 332 1425 370 (1316-1334).
1449 348 1487 352 --
1511 328 1697 359 LITTERAE
1722 328 1772 358 DE
1796 328 1919 359 CURlA

775 526 913 559 26398.
935 546 970 549 —
987 527 1124 557 ,Ioannes
1141 535 1164 556 s.
1185 523 1336 554 Theodori
1351 522 1432 552 diac.
1456 520 1541 552 card.
1563 521 1712 551 mittitur
1734 523 1770 551 ut
1792 521 1832 552 A.
1857 521 1891 552 S.
1909 521 2042 561 legatus
2063 522 2107 554 ad
2127 523 2339 564 provinciam

730 582 862 614 Tusciae
876 583 943 612 tam
963 581 996 610 in
1013 578 1157 617 imperio
1174 585 1275 616 quam
1291 575 1393 606 terris
1417 575 1457 606 R.
1476 574 1514 605 Ε.
1538 573 1770 611 constitutum,
1789 582 1917 605 necnon
1938 574 2268 616 archiepiscopatum
2283 577 2339 609 Pi·

729 644 815 672 san.,
833 637 864 665 et
883 632 1022 664 Castelli
1037 641 1073 662 ac
1095 630 1252 661 Perusin.
1272 629 1364 659 civit.
1382 629 1415 659 et
1428 628 1488 665 di.‚
1504 628 1653 659 Massam
1670 627 1882 666 Trahariam,
1896 628 1989 660 civit.
2007 628 2142 668 Urbini,
2158 630 2204 661 di.
2222 631 2255 662 et
2270 631 2339 662 dis-

727 688 862 720 trictum
892 686 1014 725 ipsius,
1044 683 1201 715 Marchiae
1229 681 1431 713 Anconitan.
1461 682 1494 712 et
1526 680 1668 711 ducatus
1696 680 1866 721 Spoletan.
1896 682 2103 721 provincias,
2129 683 2338 724 Campaniae,

728 740 907 773 Maritimae
921 740 953 770 et
968 738 1099 769 Sabinae
1116 736 1310 773 comitatus,
1326 734 1576 766 Patrimonium
1593 733 1626 765 b.
1640 734 1733 765 Petri
1750 734 1785 765 in
1795 734 1932 773 Tuscia,
1945 737 1978 766 et.
1993 735 2213 775 Urbevetan„
2226 737 2339 770 Viter·

727 794 831 831 bieu.,
849 792 1033 828 Tiburtin„
1053 790 1201 827 Reatin,
1219 788 1410 826 Tudertin,
1428 788 1656 819 Interamnen.
1672 789 1704 818 et
1717 787 1881 820 Narnien.
1899 789 1992 820 civit.
2007 791 2040 821 et
2057 789 2124 826 di.;
2142 790 2233 822 idem
2246 791 2336 824 card.

726 848 767 878 ad
784 846 981 878 instantiam
1002 844 1205 885 populorum
1222 842 1371 882 partium
1391 841 1586 872 earumdem
1614 841 1767 872 fidelium
1788 841 1853 873 fuit
1880 842 2073 874 destinatus
2093 852 2132 875 eo
2151 845 2242 884 quod
2258 844 2338 876 Ber·

726 901 867 932 trandus
886 909 913 930 s.
933 898 1086 929 Marcelli
1107 896 1220 937 presb.
1238 895 1342 932 card„
1364 895 1404 926 Α.
1421 895 1454 926 S.
1471 894 1505 925 in
1523 894 1608 925 eisd.
1624 896 1657 926 et
1675 894 1754 925 aliis
1767 894 1923 935 partibus
1940 896 2086 936 legatus,
2104 898 2222 937 nequit
2238 906 2338 939 prop·

725 956 776 986 ter
794 962 934 994 guerras
949 952 1099 983 officium
1115 959 1214 981 suum
1231 949 1326 980 solus
1344 956 1518 985 exercere3
1536 948 1695 979 omnibus
1713 948 1791 979 aliis
1803 949 1990 989 provinciis
2002 951 2035 982 et
2046 950 2149 982 terris
2160 951 2195 982 in
2210 950 2339 984 litteris

726 1008 908 1048 legationis
925 1006 1033 1046 ejusd.
1063 1003 1242 1035 Bertrandi
1265 1002 1452 1042 expressiS,
1480 1010 1609 1033 necnon
1634 1002 1758 1033 insulis
1782 1003 1815 1033 et
1831 1002 1935 1034 terris
1952 1003 2120 1036 Sardiniae
2137 1006 2170 1036 et
2190 1004 2338 1037 Corsicae

725 1061 788 1092 sub
804 1061 916 1100 ipsius
931 1058 1110 1091 Bertrandi
1127 1057 1295 1097 legatione
1310 1055 1416 1087 libere
1437 1055 1703 1087 remanentibus.
1726 1056 1780 1096 (A.
1801 1057 1852 1094 25,
1879 1056 1902 1087 f.
1922 1058 2012 1089 686·
2020 1066 2027 1072 ·
2018 1057 2084 1095 ‚.V
2099 1059 2152 1096 80,
2172 1067 2225 1099 ep.
2243 1060 2275 1098 5,
2294 1060 2337 1098 A.

725 1114 761 1145 de
777 1114 879 1150 curia3
897 1112 1080 1153 Raynaldi,
1098 1110 1238 1141 Annales
1255 1109 1466 1140 ecclesiastici
1471 1108 1513 1140 ad
1531 1119 1646 1140 annum
1665 1110 1755 1145 1326,
1773 1109 1788 1149 ξ
1806 1111 1848 1148 1.)

770 1165 903 1196 26399
923 1183 961 1188 -
980 1165 1137 1197 Universis
1151 1164 1294 1205 personis
1304 1162 1470 1194 ecclesiast.
1484 1163 1624 1204 partium
1636 1162 1858 1204 praedictarum
1870 1164 1982 1196 mand.
1997 1166 2045 1203 ut,
2053 1165 2234 1205 proefatum
2244 1139 2337 1200 card.

723 1221 867 1261 benigne
882 1220 1085 1259 recipientes
1101 1219 1133 1249 et
1149 1217 1333 1249 honorifice
1357 1218 1618 1257 pertractantes,
1635 1217 1703 1256 ipsi
1727 1218 1902 1257 tamquam
1919 1218 1960 1249 A.
1977 1218 2012 1251 S.
2031 1218 2142 1260 legato
2159 1219 2339 1253 intendant

724 1275 900 1305 humiliter
915 1276 948 1304 et
964 1273 1074 1312 ipsius
1091 1271 1221 1302 monita
1244 1272 1276 1302 et
1298 1271 1458 1302 mandata
1474 1270 1657 1302 efficaciter
1673 1271 1705 1301 et
1720 1271 1840 1302 devote
1856 1271 2046 1312 adimplere
2062 1275 2191 1306 curent.
2210 1273 2263 1313 (Α.
2284 1275 2336 1313 25,

724 1329 747 1359 f.
763 1329 823 1360 686
839 1327 868 1364 ¹³3
889 1327 924 1358 V.
944 1328 995 1363 80,
1010 1335 1061 1365 ep.
1080 1327 1098 1356 5
1115 1326 1152 1362 Β,
1170 1324 1205 1355 de
1224 1324 1340 1364 curia.)

769 1378 905 1410 26400.
922 1399 957 1404 -
981 1379 1135 1410 Universis
1158 1378 1295 1416 ducibus,
1318 1378 1528 1419 principibus,
1544 1377 1784 1416 marchionibus,
1804 1378 1982 1416 comitibus,
2001 1379 2166 1411 baronibus
2186 1385 2217 1412 et
2232 1381 2338 1412 milita·-

725 1436 788 1472 bus,
807 1433 1131 1473 communitatibusque
1153 1442 1273 1473 quoque
1290 1431 1546 1462 universitatibus
1560 1436 1589 1462 et
1605 1431 1729 1473 populis
1745 1432 1885 1472 partium
1908 1432 2133 1473 praedictarum
2155 1435 2340 1468 mandatur

724 1489 815 1520 idem
834 1497 870 1519 ac
886 1496 999 1527 supra.
1020 1487 1072 1526 (A.
1092 1487 1143 1523 25,
1163 1486 1185 1516 f.
1204 1487 1265 1517 694
1280 1491 1307 1523 a;
1331 1485 1368 1517 V.
1386 1486 1436 1522 80,
1455 1494 1507 1525 ep.
1525 1487 1544 1517 5
1561 1485 1599 1522 C,
1616 1485 1652 1515 de
1667 1485 1780 1525 curia.)

770 1539 889 1571 26401
900 1564 907 1570 .
929 1560 964 1564 -
983 1540 1059 1570 Eid.
1086 1540 1184 1580 leyato
1200 1540 1352 1579 potestas
1374 1539 1580 1579 procedendi
1597 1541 1714 1570 contra
1734 1548 1793 1570 eos
1809 1540 1868 1580 qui
1885 1540 1920 1570 in
1935 1540 2095 1580 partibus
2114 1549 2184 1573 suae
2199 1541 2337 1583 legatio⁴

725 1597 778 1626 nis
793 1595 981 1626 discordias
997 1597 1029 1625 et
1043 1593 1204 1624 scandala
1219 1593 1404 1631 seminant,
1418 1593 1495 1623 odia
1510 1593 1677 1624 suscitant
1696 1602 1734 1624 ac
1750 1583 1877 1624 statum
1892 1593 2074 1634 pacificum
2090 1596 2242 1627 earumd.
2262 1605 2338 1637 par-

723 1650 807 1680 tium
829 1649 1026 1688 perturbare
1043 1648 1265 1687 praesumunt.
1283 1646 1338 1687 (A.
1353 1648 1404 1683 25,
1425 1646 1447 1677 f.
1461 1647 1522 1678 689
1535 1651 1563 1683 ἃ,
1588 1646 1623 1677 V.
1644 1648 1696 1682 80,
1715 1655 1767 1686 ep.
1784 1649 1803 1679 6
1819 1649 1858 1685 Α,
1872 1646 1909 1678 de
1928 1647 2031 1685 curia;
2053 1648 2213 1687 Theiner,
2231 1648 2338 1682 Codex

723 1703 990 1744 diplomaticus...,
1010 1703 1033 1732 t.
1053 1702 1079 1738 I,
1102 1710 1134 1740 p.
1149 1702 1221 1738 542,
1240 1709 1272 1731 n.
1291 1700 1523 1742 DCCXVIII.)

769 1753 903 1786 26402.
923 1774 960 1778 —
980 1754 1138 1785 Isniversis
1148 1754 1291 1796 praelatis
1310 1759 1336 1784 el
1351 1763 1434 1795 pers.
1453 1753 1617 1785 ecclesiast.
1637 1754 1835 1785 saecularibus
1859 1760 1888 1785 et
1906 1754 2103 1796 reqularibus
2123 1766 2335 1797 quorumcum-

722 1820 779 1851 que
794 1809 875 1846 ord.,
894 1809 1120 1839 marchionibus
1144 1818 1262 1849 quoque
1281 1807 1450 1845 comitibus,
1471 1812 1525 1838 etc.
1545 1808 1823 1844 communitatibus,
1840 1809 2095 1841 universitatibus
2116 1820 2152 1841 ac
2169 1810 2336 1852 sinqulari-

723 1864 775 1894 bus
796 1874 876 1904 pers.
892 1873 951 1904 per
969 1863 1084 1893 Tusclae
1107 1867 1135 1892 et
1160 1861 1330 1892 nonnullas
1352 1861 1431 1892 alias
1446 1867 1554 1902 parles
1575 1861 1739 1902 leqalionis
1762 1862 1893 1893 ,Ioannis
1913 1873 1939 1894 s.
1961 1862 2115 1895 Theodori
2137 1863 2220 1897 diac.
2245 1863 2334 1897 card.

721 1918 834 1948 mand.
856 1919 891 1948 ut
915 1917 1025 1947 eidem
1049 1916 1160 1956 legato
1180 1917 1212 1946 et
1235 1915 1407 1955 deputatis
1431 1915 1473 1946 ab
1497 1924 1536 1946 eo
1554 1915 1588 1946 in
1614 1915 1811 1947 commissis
1833 1916 1901 1956 ipsi
1930 1916 2078 1957 negotiis
2103 1918 2280 1951 intendere
2301 1920 2335 1952 et

721 1980 838 2010 parere
855 1972 984 2001 curent.
1002 1970 1055 2009 (A.
1075 1971 1127 2007 25,
1153 1969 1175 1999 f.
1202 1971 1263 2001 694
1280 1969 1294 1990 ¹³
1309 1970 1342 2000 et
1358 1969 1418 2000 688
1434 1974 1462 2005 ²,
1492 1968 1524 2000 V.
1542 1970 1592 2005 80,
1610 1978 1662 2008 ep.
1682 1971 1702 2001 6
1719 1969 1757 2004 Β,
1776 1969 1812 2000 de
1829 1970 1943 2011 curia.)

766 2021 902 2053 26403.
919 2043 956 2047 -
981 2023 1057 2054 Eid.
1078 2023 1177 2063 leqato
1196 2023 1340 2054 facultas
1362 2023 1542 2054 exercendi
1566 2032 1744 2054 censuram
1769 2023 1957 2055 ecclesiast.
1976 2026 2092 2056 contra
2116 2034 2235 2059 omnes
2252 2026 2333 2058 illos

721 2078 777 2118 qui
798 2079 885 2109 circa
906 2086 983 2108 eum
1004 2080 1035 2108 et
1053 2077 1220 2108 familiam
1245 2085 1342 2107 suam
1363 2076 1523 2116 injuriosi
1540 2076 1728 2112 extiterint,
1745 2077 1774 2107 si
1796 2077 1918 2108 moniti
1944 2077 1984 2109 de
2004 2077 2132 2119 injuria
2152 2079 2250 2112 illata
2265 2089 2333 2113 non

721 2131 950 2162 satisfecerint
968 2132 1212 2170 competenter.
1235 2130 1285 2169 (A.
1304 2131 1355 2166 25,
1370 2130 1392 2160 f.
1414 2131 1475 2161 690
1492 2135 1521 2167 ³;
1545 2130 1580 2161 V.
1601 2131 1651 2165 80,
1668 2139 1720 2170 ep.
1739 2133 1767 2168 7,
1786 2130 1822 2160 de
1841 2130 1955 2171 curia.)

763 2182 901 2214 26404.
918 2201 957 2206 —
973 2184 1049 2215 Eid.
1069 2184 1170 2224 lcqato
1188 2183 1332 2214 facultas
1355 2184 1520 2223 puniendi
1537 2185 1568 2214 et
1586 2183 1746 2223 privandi
1764 2184 1925 2216 omnibus
1941 2185 2165 2226 indulgentiis
2180 2188 2214 2218 et
2227 2187 2331 2228 privi-

719 2239 818 2278 legiis
840 2248 858 2269 a
879 2239 913 2270 S.
939 2238 979 2268 A.
1006 2238 1178 2269 concessis
1196 2237 1368 2277 quoslibet
1390 2237 1571 2277 religiosos
1589 2237 1834 2278 cujuscumque
1858 2239 1930 2270 ord.
1956 2239 2014 2279 qui
2037 2248 2140 2279 super
2160 2239 2216 2272 his
2239 2249 2332 2282 spec-

718 2292 869 2323 tantibus
885 2292 926 2322 ad
940 2301 1009 2323 suae
1027 2291 1208 2331 legationis
1221 2291 1371 2322 officium
1385 2292 1416 2322 et
1433 2291 1511 2322 ali1s
1528 2291 1595 2330 ipsi
1611 2291 1819 2329 commissis,
1837 2292 1934 2332 prius
1947 2293 2081 2331 moniti,
2097 2302 2218 2333 parere
2231 2294 2331 2335 plene

717 2346 993 2384 contempserint.
1014 2345 1063 2384 (A.
1081 2346 1132 2382 25,
1152 2345 1174 2376 f.
1193 2346 1254 2376 690
1270 2350 1298 2382 ³3
1321 2344 1357 2376 V.
1372 2345 1423 2382 80,
1442 2353 1495 2384 ep.
1515 2345 1545 2382 8,
1562 2344 1599 2374 de
1615 2345 1728 2384 curia.)

763 2396 898 2427 26405.
917 2417 955 2421 -
972 2399 1084 2429 Eidem
1101 2398 1201 2439 leqato
1225 2398 1370 2429 facultas
1392 2398 1590 2429 assumendi
1613 2400 1646 2429 et
1669 2398 1838 2430 retinendi
1861 2399 1896 2430 in
1919 2400 1993 2431 suis
2020 2400 2196 2441 obsequiis
2212 2403 2245 2434 et
2266 2401 2331 2434 sub

718 2462 779 2483 sua
797 2451 990 2483 obedientia
1014 2454 1244 2492 quotcumque
1266 2454 1298 2483 et
1315 2460 1548 2492 quoscumque
1564 2452 1710 2483 voluerit
1727 2453 1767 2483 de
1785 2452 1951 2484 fratribus
1971 2453 2249 2494 Praedicatorum,
2269 2455 2331 2487 Mi-

717 2515 837 2536 norum
855 2509 886 2536 et
905 2505 1048 2536 aliorum
1068 2514 1361 2546 quorumcumque
1377 2505 1449 2536 ord.
1469 2514 1538 2536 suae
1557 2505 1750 2546 legationis,
1771 2507 1803 2537 et
1818 2506 1975 2538 mittendi
1993 2507 2073 2539 illos
2088 2508 2142 2540 vel
2159 2508 2246 2540 alios
2259 2508 2330 2541 ido-

717 2568 799 2590 neos
823 2559 975 2590 eorumd.
996 2560 1066 2590 ord.
1095 2559 1377 2599 quandocumque
1397 2560 1429 2590 et
1457 2559 1662 2598 ubicumque
1687 2559 1810 2590 viderit
1834 2562 2075 2600 opportunum,
2095 2562 2331 2598 committendi

718 2612 820 2643 etiam
841 2612 910 2643 illis
929 2613 1140 2653 negotiorum
1157 2613 1409 2649 executionem3
1427 2613 1537 2643 valeat
1553 2612 1694 2652 insuper
1709 2613 1892 2644 concedere
1911 2614 2088 2646 licentiam
2104 2615 2280 2656 equitandi
2295 2617 2330 2648 et

717 2666 789 2696 illis
805 2666 863 2705 qui
882 2675 997 2697 secum
1017 2667 1165 2697 existent
1184 2666 1344 2698 vescendi
1361 2665 1532 2697 carnibus.
1554 2666 1606 2706 (A.
1631 2667 1681 2705 25,
1705 2666 1727 2698 f.
1745 2668 1806 2698 690
1824 2672 1853 2703 ·;
1875 2667 1912 2698 V.
1927 2669 1980 2706 80,
1995 2677 2049 2708 ep.
2067 2670 2098 2707 9,
2119 2668 2157 2700 de
2173 2669 2289 2711 curia.)

761 2716 898 2748 26406.
915 2738 952 2742 -—
966 2719 1042 2751 Eid.
1063 2719 1163 2760 leyato
1176 2720 1319 2751 facultas
1333 2720 1490 2760 privandi
1505 2719 1646 2750 clericos
1664 2719 1845 2752 saeculares
1861 2729 1932 2752 suae
1946 2721 2139 2761 legationis,
2155 2731 2242 2763 quos
2254 2723 2328 2754 ino-

717 2772 892 2804 bedientes
910 2773 944 2803 in
961 2772 1015 2803 his
1031 2773 1265 2813 spectantibus
1284 2773 1326 2804 ad
1339 2773 1491 2813 ejusdem
1511 2773 1693 2813 legationis
1710 2773 1861 2804 officium
1885 2774 2001 2806 forsan
2019 2775 2199 2814 invenerit,
2222 2777 2328 2808 omni-

717 2825 780 2856 bus
803 2826 923 2866 gratiis
940 2826 1026 2865 ipsis
1044 2826 1084 2857 ab
1101 2827 1134 2858 S.
1157 2828 1195 2858 A.
1216 2827 1401 2862 concessis,
1420 2835 1457 2857 ac
1474 2826 1651 2857 inhibendi
1668 2827 1909 2858 executoribus
1930 2836 2048 2860 earum
2066 2838 2107 2861 ne
2130 2829 2257 2861 virtute
2271 2829 2326 2861 lit-

717 2881 865 2910 terarum
883 2880 923 2910 ad
939 2888 997 2910 eos
1010 2889 1112 2919 super
1123 2880 1184 2911 hoc
1198 2881 1404 2912 directarum
1422 2880 1614 2920 procedant.
1626 2880 1679 2920 (A.
1693 2882 1744 2919 25,
1763 2880 1785 2910 f.
1796 2880 1896 2919 690b3
1915 2881 1952 2912 V.
1967 2882 2017 2918 80,
2033 2891 2085 2923 ep.
2104 2884 2154 2922 10,
2164 2882 2202 2914 de
2214 2882 2328 2924 curia.)

762 2929 899 2961 26407.
920 2950 959 2954 -
981 2932 1057 2963 Eid.
1075 2933 1175 2973 leyaco
1200 2943 1291 2965 conc.
1320 2935 1358 2965 ut
1379 2934 1581 2968 evectiones,
1607 2935 1752 2973 quantas
1776 2943 1836 2973 pro
1861 2935 2057 2966 commissis
2083 2936 2152 2976 ipsi
2178 2936 2326 2977 negotiis

717 2986 841 3017 viderit
866 2986 1038 3025 expedire,
1057 2987 1177 3018 ducere
1203 2987 1311 3018 libere
1333 2987 1458 3024 valeat,
1483 2987 1726 3018 constitutione
1753 2988 1996 3020 Lateranensis
2023 2989 2159 3021 concilii
2184 2999 2251 3022 non
2265 2990 2326 3022 ob-

716 3041 840 3071 stante.
860 3040 912 3078 (A.
926 3041 977 3075 25,
994 3039 1015 3070 f.
1035 3041 1095 3072 690
1112 3040 1141 3077 ¹³3
1168 3040 1199 3071 V.
1218 3042 1269 3078 80,
1287 3049 1339 3080 ep.
1363 3042 1412 3078 11,
1435 3040 1473 3070 de
1487 3040 1602 3080 curia.)
