2540 3496
259 425 365 454 Datum
386 418 571 454 Avenione.

269 529 284 556 1
299 526 386 563 (kal.)
400 525 460 554 dec.
479 525 566 554 1326.

277 1119 293 1147 1
310 1116 396 1154 (kei.)
410 1116 465 1152 feb.
486 1113 573 1144 1327.

388 1494 426 1522 Ut
445 1501 469 1521 s.

388 1601 425 1629 Ut
441 1608 467 1630 ε.

388 1762 426 1790 Ut
445 1769 469 1789 ε.

390 1869 427 1897 Ut
447 1877 471 1897 s.

395 1975 432 2003 Ut
448 1982 471 2002 s.

398 2082 432 2110 Ut
448 2090 472 2109 s.

397 2190 432 2218 Ut
452 2198 476 2218 s.

323 2460 363 2489 20
378 2460 433 2496 seb.
455 2458 544 2488 1327.

321 2507 353 2540 (x
370 2503 430 2533 kal.
450 2504 552 2540 mart.)

316 2729 354 2758 18
368 2732 452 2757 mart.
469 2727 558 2758 1327.

323 2778 376 2811 (xv
394 2774 454 2802 kal.
472 2775 548 2810 apr.)

241 795 279 824 ¹2
298 795 334 830 (n
354 794 410 829 id.)
429 793 488 822 dec.
514 792 604 821 1326.

642 332 816 363 JOANNIS
840 333 959 363 PAPAE
981 333 1084 364 XXII.
1109 335 1358 373 (1316-1334).
1380 350 1419 356 —-
1441 334 1627 365 LITTERAE
1651 334 1702 365 DE
1724 335 1849 366 CURIA
2203 337 2263 368 625
2279 359 2288 364 .

707 522 842 554 29660.
874 544 911 548 -
936 525 1173 556 Conceduntur
1198 526 1338 565 capellis
1355 526 1479 566 quond.
1499 527 1632 558 militiae
1650 527 1784 567 Templi
1805 528 1846 559 de
1865 528 2035 567 Roayssio
2056 529 2088 559 et
2109 529 2150 559 de
2166 529 2267 560 Rica-

662 578 809 614 renchis,
822 579 1009 610 Vasionen.
1025 580 1057 609 et
1070 579 1271 610 Tricastrin.
1284 579 1344 616 di.,
1362 588 1437 619 quae
1453 580 1590 619 quidem
1604 580 1726 611 domus
1743 581 1918 612 comitatui
1934 581 2111 612 Venaisini
2129 590 2268 614 annexae
2316 593 2319 595 ’

663 632 735 663 fore
751 633 948 668 noscuntur,
965 640 1084 663 omnes
1099 632 1238 663 decimae
1256 632 1440 670 fructuum,
1459 633 1653 664 reddituum
1669 635 1701 664 et
1716 636 1939 673 proventuum
1958 635 2232 675 provenientium
2251 644 2268 667 e

662 686 766 717 terris
787 688 820 716 et
846 685 1126 725 possessionibus
1147 685 1324 716 domorum
1345 687 1510 723 earumd.,
1530 695 1603 726 quae
1629 687 1670 717 ab
1694 688 1785 718 omni
1803 688 2041 727 jurisdictione
2062 689 2217 729 magistri
2237 691 2270 720 et

663 739 807 770 fratrum
823 739 1006 779 hospitalis
1021 748 1047 769 s.
1067 739 1210 770 Joannis
1224 739 1495 770 Jerosolimitani
1512 740 1720 771 eximuntur.
1740 740 1795 779 (V.
1813 742 1865 778 82,
1882 750 1934 780 ep.
1956 743 2005 779 11,
2024 741 2061 772 de
2078 743 2190 780 curia.)

708 790 846 823 29661.
865 811 901 816 —
914 792 1028 823 Abbati
1038 797 1067 822 et
1079 802 1165 823 conv.
1177 797 1307 823 monast.
1318 803 1344 823 s.
1357 792 1452 822 Pauli
1463 792 1499 823 de
1511 793 1600 828 Urbe,
1612 793 1654 823 ad
1666 793 1703 824 lt.
1717 794 1758 824 Ε.
1773 794 1860 825 nullo
1874 794 1972 825 medio
1981 796 2112 836 pertin.,
2122 795 2156 827 O.
2169 795 2204 827 S.
2217 796 2269 834 B„

665 847 880 887 applicantur
898 846 1088 878 oblationes
1105 847 1138 877 et
1162 848 1349 885 proventus
1375 846 1613 886 provenientes
1629 856 1646 878 e
1673 848 1793 887 majori
1818 848 1917 878 altari
1938 849 2088 880 ecclesiae
2105 849 2185 880 dicti
2203 858 2272 880 mo-

665 903 767 938 nast„
786 909 896 941 usque
925 900 965 931 ad
990 899 1276 940 quinquennium,
1303 908 1343 930 ne
1362 908 1448 939 opus
1475 903 1675 937 mosaicum,
1701 901 1734 931 in
1762 901 1847 933 facie
1870 902 1966 932 dictae
1981 902 2060 934 eccl.
2087 902 2272 942 inceptum,

666 954 902 994 imperfectum
928 955 1114 985 remaneat.
1142 971 1177 975 —-
1199 953 1237 984 In
1263 962 1292 984 e.
1318 962 1362 984 m.
1390 953 1519 993 Angelo
1541 954 1731 984 Tuscanen.
1756 956 1789 985 et
1803 954 1992 985 viterbien.
2016 964 2103 994 ep.o‚
2122 956 2222 995 Papae
2239 956 2274 987 in

667 1008 758 1042 Urbe
777 1008 917 1045 vicario,
936 1009 969 1039 et
986 1016 1074 1047 mag.
1096 1006 1298 1046 Pandulpho
1321 1007 1362 1038 de
1377 1006 1525 1043 Sabello,
1543 1016 1644 1046 praep.
1667 1007 1915 1047 Chableyarum
1939 1009 1973 1039 in
1995 1009 2074 1039 eccl.
2093 1018 2120 1039 s.
2138 1009 2275 1040 Martini

667 1063 854 1100 Turonen„
870 1062 971 1102 Papae
988 1061 1132 1092 notario.
1152 1060 1206 1099 (V.
1222 1061 1272 1095 82,
1293 1069 1346 1100 ep.
1364 1061 1412 1097 10,
1433 1059 1469 1090 de
1485 1061 1599 1099 curia.)

713 1113 848 1145 29662.
867 1133 907 1139 -
924 1115 1030 1146 Priori
1043 1113 1237 1156 provinciali
1250 1114 1389 1154 fratrum
1403 1113 1469 1146 ord.
1490 1113 1734 1144 praedicatorum
1748 1114 1781 1144 in
1798 1114 1963 1155 Hunqaria
1981 1115 2079 1146 facul.
2095 1115 2278 1155 deputandi

669 1170 793 1202 fratres
813 1170 867 1201 sui
884 1170 957 1200 ord.
976 1170 1018 1200 ad
1033 1169 1286 1209 praedicandum
1302 1168 1337 1199 in
1348 1176 1451 1207 regno
1468 1168 1664 1208 Hungariae‚
1684 1168 1742 1207 qui
1759 1168 1861 1199 etiam
1878 1169 1932 1199 off.
1949 1169 2185 1208 inquisitionis
2202 1177 2278 1200 con-

669 1226 722 1256 tra
735 1223 914 1255 haereticos
939 1223 1130 1260 exerceant,
1156 1223 1189 1254 et
1208 1224 1247 1253 ut
1271 1221 1446 1253 efficacius
1469 1221 1554 1252 illud
1579 1223 1792 1261 exequantur
1810 1221 1969 1253 omnibus
1988 1222 2045 1262 qui
2063 1222 2104 1253 ad
2122 1222 2279 1262 praedica·

670 1278 781 1310 tiones
807 1285 925 1308 eorum
948 1276 1154 1308 accesserint
1178 1285 1226 1306 xx
1257 1275 1403 1312 dierum,
1423 1275 1582 1306 omnihus
1611 1283 1692 1306 vero
1718 1275 1776 1314 qui
1803 1275 1980 1307 haereticos
2004 1276 2281 1316 impugnaverint

672 1342 710 1363 ιιι
729 1339 895 1363 annorum
911 1330 1055 1370 indulg.,
1076 1330 1148 1361 illis
1166 1331 1280 1361 autem
1297 1329 1355 1369 qui
1382 1329 1417 1359 in
1442 1329 1677 1368 prosecutione
1702 1327 1898 1368 hujusmodi
1921 1330 2047 1369 negotii
2066 1329 2151 1361 forte
2169 1329 2281 1360 deces-

672 1385 780 1418 serint
795 1385 931 1425 plenam
950 1385 1104 1416 omnium
1121 1385 1336 1424 peccatorum
1359 1391 1500 1414 suorum
1527 1382 1777 1414 absolutionem
1794 1383 1975 1414 concedere
1994 1384 2138 1423 possint.
2157 1382 2209 1422 (V.
2228 1384 2280 1420 82,

673 1448 725 1479 ep.
738 1441 787 1476 13,
801 1438 837 1469 de
848 1438 936 1470 curia
945 1447 954 1476 3
963 1438 1329 1474 Theiner,Monumenta
1341 1436 1490 1467 historica
1503 1435 1716 1477 Hunqarimt.
1728 1437 1754 1475 Ι,
1767 1445 1799 1476 p.
1809 1438 1881 1472 511,
1890 1437 1962 1468 doc.
1976 1436 2283 1475 DCCLXXXVII.)

718 1490 857 1523 29663.
877 1510 916 1515 -
935 1490 1050 1523 Car-olo
1072 1491 1139 1532 reyi
1158 1490 1331 1532 Hunqariae
1352 1490 1540 1522 hortatoria
1555 1492 1592 1521 ut
1608 1490 1780 1530 praedictis
1799 1490 1962 1521 fratribus
1979 1499 2081 1529 super
2095 1489 2284 1529 praemissis

674 1546 842 1578 auxilium
856 1545 1168 1586 impendat.(V.82,
1184 1553 1236 1584 ep.
1251 1546 1301 1583 14,
1319 1543 1356 1575 de
1366 1543 1636 1581 curia3Theiner,
1650 1547 1683 1573 ut
1695 1554 1734 1580 s.,
1746 1552 1779 1583 p.
1794 1545 1864 1579 512,
1873 1544 1946 1575 doc.
1958 1541 2285 1581 DCCLXXXVIII.)

717 1596 855 1629 29664.
875 1617 914 1622 -
931 1599 1125 1640 Striqonien.
1142 1603 1171 1629 et
1195 1597 1337 1630 Colocen.
1365 1597 1533 1638 archiep.is
1548 1601 1577 1627 et
1592 1607 1697 1627 eorum
1716 1597 1936 1638 suffrayaneis,
1950 1607 1986 1627 ac
2003 1597 2089 1627 univ.
2109 1595 2179 1627 aliis
2196 1595 2287 1626 eccle·

674 1654 790 1685 siarum
802 1653 943 1694 praelatis
959 1654 993 1684 in
1011 1662 1106 1694 reqno
1122 1651 1293 1694 Hunyariae
1308 1651 1486 1683 constitutis
1502 1651 1690 1683 hortatoria
1706 1651 1845 1683 similis.
1864 1650 1916 1690 (V.
1933 1652 1984 1686 82,
2000 1659 2052 1690 ep.
2066 1652 2114 1686 15,
2132 1649 2169 1681 de
2181 1650 2284 1687 curia;

675 1708 833 1745 Theiner,
851 1712 885 1738 ut
900 1718 938 1744 s.‚
957 1716 990 1747 p.
1007 1708 1079 1744 512,
1098 1707 1170 1738 doc.
1188 1706 1486 1744 DCCLXXXIX.)

721 1758 858 1791 29665.
874 1778 913 1783 -
927 1760 966 1792 Ν.
980 1771 1009 1791 υ.
1023 1761 1131 1792 comiti
1145 1759 1311 1791 Salamom‘
1327 1759 1364 1791 de
1379 1760 1496 1791 Brasso
1508 1759 1696 1791 hortatoria
1707 1759 1846 1790 similis.
1864 1759 1917 1797 (V.
1932 1760 1983 1793 82,
1997 1767 2050 1798 ep.
2067 1760 2115 1794 16,
2134 1757 2169 1788 de
2183 1758 2286 1793 cur-iffi

676 1815 836 1850 Theiner,
854 1820 889 1846 ut
900 1825 938 1854 s.‚
956 1823 989 1855 p.
1006 1815 1078 1851 513,
1096 1813 1326 1852 n.-DCCXC.)

721 1865 860 1898 29666.
886 1886 923 1892 -
947 1867 986 1899 N.
1005 1878 1033 1898 v.
1050 1867 1162 1904 Mitem,
1182 1866 1261 1897 bano
1284 1867 1377 1897 totius
1398 1865 1583 1903 sclavoniae,
1606 1866 1795 1897 hortatoria
1812 1866 1949 1897 similis.
1970 1865 2021 1904 (V.
2045 1867 2095 1902 82,
2115 1874 2166 1904 ep.
2187 1867 2235 1901 17,
2253 1863 2291 1894 ἀι

678 1922 794 1962 curia.)

724 1973 860 2005 29667.
877 1994 916 1999 -—
931 1974 973 2005 N.
992 1985 1019 2005 v.
1046 1974 1176 2010 Thomae,
1199 1973 1352 2013 woyvodae
1371 1973 1582 2011 Transitvan„
1605 1973 1793 2005 hortatoria
1814 1973 1953 2004 similis.
1973 1973 2027 2011 (V.
2045 1974 2096 2010 82,
2115 1981 2167 2012 ep.
2186 1973 2235 2009 18,
2253 1971 2291 2002 de

679 2029 792 2069 cum‘a.)

724 2080 847 2112 29667
863 2081 927 2112 bis.
946 2101 984 2105 —
1002 2082 1043 2112 N.
1059 2092 1086 2112 υ.
1102 2081 1251 2117 Bazaras,
1269 2080 1423 2122 woyvodae
1439 2081 1661 2122 Transalpino,
1678 2081 1864 2112 hortatoria
1876 2080 2015 2111 similis.
2034 2079 2087 2119 (V.
2102 2081 2153 2117 82,
2170 2088 2222 2119 ep.
2239 2080 2288 2117 19,

679 2137 716 2168 de
733 2137 847 2175 curia.)

727 2187 864 2220 29668.
879 2208 918 2213 -
934 2189 1042 2220 Priori
1055 2189 1245 2231 provinciali
1259 2189 1397 2230 fratrum
1411 2188 1476 2219 ord.
1494 2188 1738 2219 Praedicatorum
1750 2188 1783 2218 in
1798 2188 1961 2229 Hunyaria
1975 2187 2088 2219 mand.
2102 2188 2139 2219 ut
2153 2196 2213 2227 per
2228 2186 2291 2217 fra-

680 2246 750 2277 tres
765 2253 847 2276 suos
861 2245 976 2276 contra
997 2243 1175 2275 haereticos
1195 2243 1454 2281 Transilvanos,
1472 2243 1619 2274 Bosnen.
1636 2244 1669 2274 et
1689 2242 1876 2274 Sclavoniae
1892 2250 2025 2273 crucem
2048 2241 2150 2272 faciat
2171 2240 2292 2281 praedi-

680 2299 762 2336 cari,
779 2298 850 2330 illis
861 2298 931 2339 qui,
949 2299 1125 2338 assumpto
1140 2297 1252 2328 crucis
1268 2298 1448 2333 caractere,
1462 2305 1498 2328 se
1514 2296 1556 2327 ad
1572 2295 1807 2328 haereticorum
1823 2295 2067 2327 exterminium
2081 2294 2291 2335 attingerint,

681 2352 930 2393 indulgentiam
953 2351 1012 2383 isti
1035 2351 1158 2383 fratres
1181 2351 1366 2382 concedant
1389 2359 1463 2390 quae
1482 2350 1555 2381 dari
1574 2350 1752 2382 consuevit
1775 2349 2014 2381 accedentibus
2038 2349 2073 2380 in
2097 2348 2290 2380 subsidium

680 2407 780 2438 terrae
798 2407 935 2438 sanctae.
953 2405 1008 2445 (V.
1026 2406 1078 2440 82,
1097 2413 1150 2444 ep.
1167 2406 1219 2442 20,
1239 2403 1276 2435 de
1291 2404 1396 2440 cur-im
1415 2404 1574 2441 Theiner,
1590 2408 1624 2434 ut
1648 2414 1687 2441 s.,
1707 2413 1739 2444 p.
1756 2405 1828 2441 513,
1850 2403 1922 2434 doc.
1942 2402 2132 2442 DCCXCI.)

726 2457 864 2490 29669.
883 2478 920 2483 -
946 2459 1072 2490 Hectori
1091 2462 1120 2489 et
1143 2458 1278 2489 thesaur.
1303 2458 1450 2488 Mar-chia.»
1472 2458 1677 2489 Anconitanae
1694 2457 1805 2488 mand.
1826 2458 1898 2488 uta
1915 2458 2093 2496 potestate,
2118 2455 2292 2496 prioribus

680 2514 811 2555 populi,
827 2513 985 2549 consilio,
1003 2513 1176 2544 communi
1198 2514 1231 2544 et
1251 2511 1486 2552 singularibus
1509 2512 1666 2552 personis
1683 2513 1783 2543 terrae
1805 2511 1952 2551 Cinguli,
1972 2510 2127 2541 dioecesis
2143 2509 2293 2541 ecclesiae

681 2569 884 2600 Auximanae
913 2567 1040 2608 quond.
1062 2566 1280 2604 cathedralis,
1304 2566 1471 2606 recipiant
1498 2574 1668 2597 summam
1692 2567 1786 2597 5.000
1810 2565 1882 2596 flor.
1912 2564 1997 2599 auri,
2023 2572 2125 2604 quam
2151 2570 2292 2594 camerae

681 2624 792 2663 apost.
810 2621 934 2654 debent
955 2630 1017 2662 pro
1038 2620 1273 2652 satisfactione
1289 2628 1493 2651 excessuum
1513 2619 1554 2651 ab
1576 2619 1662 2659 ipsis
1679 2619 1953 2650 commissorum.
1974 2616 2026 2657 (V.
2044 2618 2094 2653 82,
2114 2625 2165 2656 ep.
2186 2617 2235 2653 12,
2256 2615 2292 2646 de

682 2677 796 2716 curia.)

729 2727 866 2760 29676.
886 2748 925 2753 -
944 2727 1101 2766 Consules,
1119 2728 1275 2769 sapientes
1291 2732 1321 2758 et
1335 2737 1493 2758 commune
1511 2727 1603 2767 burqi
1617 2726 1783 2758 Caravacii
1795 2725 1977 2757 Cremonen.
1994 2722 2050 2758 di„
2061 2723 2098 2754 R.
2115 2722 2158 2754 Ε.
2175 2720 2289 2762 fideles,

682 2792 870 2824 eorumque
888 2783 1098 2815 territorium
1123 2783 1156 2813 et
1180 2781 1270 2813 bona
1291 2781 1487 2813 eximuntur
1510 2780 1552 2812 ab
1576 2780 1669 2812 omni
1693 2778 1932 2820 jurisdictione
1953 2775 2143 2816 temporali.
2171 2775 2204 2806 et
2227 2773 2291 2806 sub

682 2838 835 2870 dominio
851 2839 884 2869 et
899 2836 1108 2878 protectione
1123 2836 1157 2867 S.
1173 2835 1214 2867 A.
1233 2835 1479 2875 suscipiuntur.
1500 2835 1552 2871 (Α.
1572 2835 1610 2865 28
1630 2835 1653 2871 ¹,
1670 2833 1693 2865 f.
1712 2835 1771 2864 401
1789 2837 1816 2868 ⁸3
1831 2832 1968 2872 sraqm.;
1994 2829 2029 2861 V.
2047 2830 2098 2867 82,
2116 2837 2168 2869 ep.
2186 2829 2237 2865 21,
2253 2827 2291 2858 de

683 2892 798 2931 curia.)

715 3017 739 3043 1.
757 3016 791 3042 In
808 3017 939 3048 margine
956 3014 1081 3047 regestri
1098 3013 1304 3040 Avinionensis
1317 3012 1425 3044 legitur
1439 3016 1445 3036 z
1461 3020 1470 3033 ι
1487 3009 1599 3035 Attende
1617 3009 1687 3041 quod
1699 3008 1753 3040 suit
1767 3007 1848 3032 mina
1860 3007 1893 3032 de
1905 3013 2010 3032 camera
2020 3007 2076 3033 sine
2087 3007 2160 3040 tique
2174 3007 2289 3033 vicecan-

682 3060 798 3086 cellarii.
815 3070 826 3085 ι
1543 3060 1548 3065 ’

397 3105 544 3134 JOANNIS
563 3105 649 3134 xxu.
668 3122 702 3127 -
721 3106 754 3134 τ.
775 3106 822 3134 vl.
2111 3096 2147 3124 ⁷9
