2540 3496
294 307 355 338 266

329 395 433 422 Datum
455 391 634 423 Avenione.

370 603 407 630 24
421 602 479 636 jul.
500 602 586 629 ¹326.

371 649 413 681 (ix
431 646 490 674 kal.
507 646 586 681 aug.)

385 691 415 718 T.
436 691 481 723 xi,
502 690 572 717 xm.

432 920 467 947 Ut
486 928 509 947 s.

397 965 427 991 T.
445 965 477 998 x,
495 965 553 991 xii.

361 1080 398 1107 25
420 1079 474 1114 iul.
496 1079 583 1107 1326.

353 1125 418 1159 (vin
439 1123 497 1152 kal.
513 1125 593 1159 aug.)

410 1169 440 1196 T.
455 1169 534 1195 XXX.

431 1455 467 1484 Ut
493 1463 517 1482 s.

373 1500 403 1527 Τ.
421 1501 491 1534 xiv,
507 1500 575 1527 xvi.

435 2100 470 2128 Ut
489 2109 512 2127 s.

385 2144 415 2171 T.
431 2145 476 2175 xl,
491 2144 562 2171 XIII.

439 2366 475 2393 Ut
491 2374 514 2392 s.

397 2410 427 2436 T.
447 2411 479 2442 X,
496 2410 553 2437 XII.

364 2579 405 2606 26
418 2579 474 2612 jul.
498 2578 586 2606 4326.

359 2626 415 2659 (v11
432 2623 490 2651 kal.
509 2625 588 2659 aug.)

382 2668 413 2695 T.
430 2668 475 2701 xl,
496 2668 567 2697 xlii.

432 2793 468 2820 Ut
484 2802 508 2820 s.

316 2837 363 2866 Gr.
386 2846 435 2871 pro
456 2846 532 2872 pers,
553 2838 631 2865 card.

691 303 864 334 JOANNIS
887 302 1004 333 PAPAE
1027 302 1128 332 XXII.
1152 299 1399 341 (1316-1334).
1422 316 1462 322 -—
1484 297 1671 328 LITTERAE
1695 295 1920 327 COMMUNES

721 492 780 522 sis.
800 509 838 514 -
854 491 881 522 1.
905 500 934 522 e.
959 499 1003 522 m.
1024 490 1194 529 archiep.o
1218 488 1398 524 Arboren„
1419 490 1452 519 et
1477 487 1591 519 abbati
1612 489 1757 518 monast.
1775 495 1804 518 s.
1828 486 1924 518 Petri
1942 486 2136 525 Carnoten.‚
2161 495 2200 518 ac
2217 486 2323 527 priori

721 554 748 575 s.
766 543 901 575 Martini
917 544 951 574 in
971 543 1069 575 Valle
1084 541 1295 574 Carnotensi.
1314 541 1369 582 (A.
1387 542 1439 577 25,
1458 541 1481 572 f.
1500 542 1561 572 394
1575 545 1607 577 ἃ,
1633 539 1666 570 V.
1685 541 1737 576 81,
1753 548 1806 580 ep.
1823 539 1934 580 2386.)

765 594 899 625 26065.
918 614 956 619 -
971 596 1087 626 loanni
1103 594 1291 626 Bernardoli
1305 594 1342 625 de
1363 594 1505 630 Perusia,
1527 602 1600 624 can.
1623 593 1746 624 domus
1762 593 1941 633 Sepulchri
1963 593 2135 625 Dominici
2159 593 2325 625 Jerosoli·

720 650 849 686 mitani,
868 649 905 681 O.
925 649 956 680 S.
972 649 1026 685 A„
1046 649 1155 688 gratia
1170 656 1267 687 exsp.
1287 647 1398 679 benef.
1416 656 1444 678 c.
1466 656 1494 678 c.
1512 646 1566 678 vel
1583 655 1610 677 s.
1638 655 1680 684 c.,
1698 646 1834 678 etiamsi
1850 646 1955 687 dign..
1973 646 2029 678 vel
2043 647 2248 687 personatus
2265 647 2323 678 aut

719 703 909 734 administr.
929 702 1066 738 existat,
1084 710 1144 741 per
1160 710 1232 732 can.
1253 701 1407 741 ejusdem
1425 701 1549 731 domus
1562 700 1718 731 consueti
1727 699 1806 740 gub.
1824 700 1857 732 et
1872 700 1915 732 ad
1931 699 2043 740 ipsius
2059 699 2181 731 domus
2197 699 2324 740 prioris

719 757 751 788 et
768 763 862 786 conv.
881 755 995 787 collat.
1013 754 1228 794 pertinentis.
1242 771 1279 777 —-
1296 755 1322 786 Ι.
1342 763 1371 786 e.
1392 763 1438 785 m.
1455 754 1562 794 priori
1579 753 1770 793 Spoletanae
1787 754 1820 785 et
1833 753 1979 794 archipr.
1997 762 2025 785 s.
2043 753 2201 790 Secundi,
2217 753 2323 786 Pern-

718 810 800 840 sinae
815 809 874 845 di.,
891 818 928 840 ac
941 809 1063 840 Joanni
1092 808 1257 840 Bevenuti
1284 808 1325 839 de
1350 807 1504 844 Perusio,
1530 815 1603 838 can.
1634 806 1765 838 Aretin.
1791 806 1873 839 eccl.
1898 807 1954 848 (A.
1974 808 2026 844 25,
2042 806 2065 838 f.
2086 808 2148 839 518
2160 812 2190 844 ·;
2213 806 2250 838 V.
2267 808 2318 843 81,

718 872 770 903 ep.
787 862 897 902 2640.)

761 912 898 946 26066,
923 934 960 939 -
980 915 1071 945 Petro
1087 915 1123 946 de
1139 915 1253 945 Albino
1267 914 1304 945 de
1319 925 1345 946 ε.
1362 914 1477 945 Severo
1495 922 1591 954 prov.
1607 922 1727 945 canon.
1745 913 1809 946 sub
1823 923 1920 955 exsp.
1937 914 2040 955 praeb.
2063 914 2145 946 eccl.
2164 913 2322 946 Civitatis

718 971 847 1002 Sanctae
862 970 989 1001 Mariae.
1008 987 1046 992 -
1061 970 1087 1001 Ι.
1109 978 1137 1000 e.
1159 978 1202 1000 m.
1222 977 1298 1008 ep.o
1315 968 1514 1003 Venafran.‚
1534 969 1567 1000 et
1585 967 1730 1008 archipr.
1747 968 1930 1006 Isernien.,
1950 977 1988 1000 ac
2013 976 2100 1009 mag.
2123 967 2265 1000 Nicolao
2279 968 2321 1000 de

718 1023 861 1061 Fractis,
880 1032 952 1054 can.
968 1023 1141 1054 Patracen.
1164 1023 1245 1054 eccl.
1264 1022 1316 1062 (A.
1331 1023 1383 1059 25,
1404 1021 1428 1052 f.
1444 1022 1505 1053 520
1523 1026 1552 1058 ⁸5
1576 1021 1612 1053 V.
1632 1022 1684 1057 81,
1699 1030 1752 1062 ep.
1768 1022 1874 1062 2645.)

762 1074 903 1107 26067.
920 1093 959 1100 --
982 1076 1085 1118 Praep.
1105 1081 1132 1107 et
1148 1075 1312 1107 Guiltelmo
1327 1075 1364 1106 de
1381 1074 1569 1113 Quiniballo,
1592 1085 1661 1105 can.
1685 1076 1757 1106 eccl.
1782 1075 1988 1113 Lomberien.,
2011 1085 2047 1106 ac
2075 1074 2213 1117 officiali
2230 1075 2324 1106 Lom-

718 1131 829 1161 berien.
848 1131 960 1162 mand.
978 1132 1015 1161 ut
1031 1129 1237 1169 compellant
1253 1130 1414 1164 rectores,
1429 1129 1562 1168 priores
1575 1130 1608 1160 et
1621 1129 1918 1161 administratores
1939 1129 2173 1166 ecclesiarum,
2190 1129 2326 1170 priora-

716 1186 813 1216 tuum
827 1185 859 1215 et
873 1184 1018 1215 aliorum
1035 1183 1146 1214 benef.
1167 1192 1204 1214 ac
1221 1183 1373 1213 locorum
1389 1182 1577 1214 ecclesiast.
1595 1182 1686 1214 infra
1702 1182 1788 1214 fines
1805 1182 2098 1214 archidiaconatus
2113 1183 2324 1215 Veterismo-

717 1238 799 1270 resii
813 1238 848 1269 in
866 1238 946 1269 eccl.
964 1237 1145 1273 Tolosana.
1161 1245 1260 1277 quem
1276 1237 1426 1268 Joannes
1441 1236 1482 1267 de
1499 1236 1710 1268 Castronovo
1725 1245 1814 1268 nunc
1831 1235 1973 1272 obtinet,
1988 1236 2262 1276 consistentium,
2279 1235 2324 1268 ad

718 1291 991 1331 respondendum
1008 1291 1119 1321 eidem
1136 1290 1263 1321 archid.
1281 1290 1322 1321 de
1338 1290 1511 1321 universis
1523 1289 1660 1330 Juribus
1676 1289 1745 1330 ipsi
1758 1290 1890 1322 ratione
1915 1290 1970 1321 sui
1985 1289 2166 1322 archidiac.
2183 1289 2323 1328 debitis.

718 1355 794 1378 cum
811 1346 948 1385 propter
963 1344 1168 1375 divisionem
1186 1344 1231 1374 di.
1247 1344 1425 1375 Tolosanae
1444 1343 1485 1375 de
1500 1343 1590 1375 dicta
1606 1344 1653 1375 di.
1672 1352 1761 1376 nunc
1780 1352 1847 1375 non
1862 1343 2013 1375 existant
2027 1345 2061 1375 et
2079 1344 2259 1384 praemissa
2274 1343 2326 1376 fa-

719 1408 793 1431 cere
809 1401 975 1430 recusent.
996 1398 1050 1438 (A.
1071 1399 1121 1435 25,
1141 1398 1164 1428 f.
1183 1399 1243 1429 249
1258 1397 1288 1435 Ι>;
1313 1397 1346 1428 V.
1362 1398 1414 1432 81,
1429 1406 1482 1437 ep.
1500 1398 1607 1436 2124.)

764 1449 901 1482 26068.
920 1469 958 1475 --
972 1451 1089 1482 Joanni
1102 1450 1139 1482 de
1151 1450 1300 1488 Lis-siam,
1325 1450 1419 1482 theol.
1441 1450 1574 1488 doctori,
1594 1451 1732 1483 collatio
1756 1451 1929 1492 prioratus
1950 1449 2187 1483 conventualis
2202 1459 2231 1483 s.
2249 1451 2323 1484 Ste-

718 1506 822 1547 phani
838 1506 1035 1543 Nivernen.‚
1060 1505 1131 1536 ord.
1153 1504 1403 1542 cluniacensis,
1427 1505 1485 1545 qui
1506 1514 1525 1536 a
1544 1505 1750 1537 monasterio
1772 1505 2002 1543 Cluniacensi‚
2019 1504 2243 1537 Matisconen.
2261 1504 2324 1544 di.,

719 1559 915 1591 immediate
931 1558 1096 1598 dependet
1112 1559 1146 1589 et
1158 1559 1254 1589 vacat
1270 1567 1330 1598 per
1345 1558 1595 1590 assecutionem
1611 1558 1782 1598 prioratus
1795 1558 1836 1590 de
1853 1558 1964 1595 Rivis,
1981 1558 2090 1599 ejusd.
2105 1558 2190 1595 ord..
2207 1558 2326 1591 Claro-

720 1613 908 1645 montensis
925 1612 984 1647 di.,
1000 1612 1123 1643 Joanni
1139 1612 1180 1643 de
1196 1612 1390 1652 Sathanayo
1406 1621 1467 1652 per
1489 1612 1526 1643 P.
1551 1612 1591 1643 P.
1609 1612 1737 1650 collati,
1756 1615 1925 1652 quemque
1940 1614 2059 1652 postea
2075 1621 2153 1644 cum
2170 1611 2325 1652 prioratu

719 1668 759 1698 de
774 1666 984 1703 Martiniaco,
1003 1665 1084 1696 dicti
1098 1665 1184 1704 ord„
1204 1665 1390 1697 AEduensis
1404 1665 1463 1703 di.,
1482 1665 1607 1697 dicitur
1625 1667 1839 1705 permutasse
1848 1675 1858 1702 ;
1882 1674 1959 1697 cum
1982 1664 2189 1706 obligatione
2211 1665 2326 1698 dimit-

718 1721 811 1752 tendi
826 1720 1014 1760 prioratum
1033 1727 1060 1750 s.
1075 1719 1192 1757 Yonii‚
1210 1719 1377 1751 Parisien.
1399 1719 1459 1754 di.,
1485 1719 1627 1750 solitum
1649 1719 1728 1759 gub.
1746 1728 1807 1759 per
1820 1719 2003 1750 monachos
2017 1719 2189 1759 prioratus
2203 1719 2244 1751 de
2265 1719 2327 1752 Ga·

720 1775 819 1805 ritate
834 1774 942 1814 (quus
961 1773 1080 1804 existit
1095 1774 1218 1811 mon.),
1234 1772 1491 1805 Autisiodoren.
1508 1773 1569 1811 di.,
1583 1773 1724 1812 praefato
1736 1773 1884 1804 monast.
1902 1773 2099 1805 immediate
2117 1772 2274 1814 subjecti,
2290 1774 2324 1805 et

720 1828 888 1868 quoddam
905 1827 959 1858 off.
979 1826 1252 1858 monasticumin
1265 1827 1383 1858 eodem
1395 1827 1549 1866 prioratu
1565 1826 1606 1858 de
1621 1826 1781 1864 Caritate,
1795 1834 1924 1858 necnon
1938 1827 2082 1867 gratiam
2097 1835 2192 1867 exsp.
2208 1826 2324 1860 benef.

719 1891 746 1913 c.
765 1890 793 1913 c.
813 1881 866 1912 vel
883 1889 910 1912 s.
928 1889 954 1911 c.
976 1880 1113 1911 etiamsi
1130 1880 1236 1920 dign..
1257 1880 1311 1911 vel
1329 1881 1547 1920 personatus,
1564 1881 1622 1911 aut
1637 1879 1706 1918 off„
1722 1880 1777 1911 vel
1791 1880 1997 1918 administr.,
2013 1888 2074 1912 seu
2090 1879 2264 1920 prioratus
2279 1880 2323 1912 de

720 1935 880 1972 Caritate,
896 1934 925 1965 si
940 1935 1017 1965 ante
1030 1933 1282 1965 assecutionem
1293 1933 1489 1974 huiusmodi
1503 1933 1659 1965 beneficii
1671 1933 1849 1974 praefatum
1857 1934 2044 1974 prioratum
2059 1942 2087 1965 s.
2100 1933 2263 1974 Stephani
2273 1941 2324 1966 as-

720 1989 859 2021 secutus
874 1987 976 2019 fuerit
989 1997 998 2025 3
1018 1987 1172 2028 alioquin
1189 1987 1317 2019 dictum
1333 1987 1522 2027 prioratum
1539 1996 1566 2018 s.
1584 1987 1747 2027 Stephani
1762 1987 1922 2019 dimittat.
1935 2004 1973 2010 —
1990 1987 2016 2018 1.
2035 1995 2066 2019 e.
2086 1996 2132 2019 m.
2151 1987 2324 2028 archiop.o

720 2042 957 2082 Neapolitano,
974 2043 1006 2072 et
1015 2041 1156 2078 cantori,
1173 2049 1210 2072 ac
1225 2041 1377 2072 sacristae
1389 2041 1469 2073 eccl.
1487 2040 1789 2082 Nivernensis.(A.
1802 2042 1852 2079 25,
1870 2040 1893 2072 f.
1903 2042 1960 2072 411
1972 2040 2002 2078 ¹²;
2020 2041 2056 2072 V.
2074 2041 2126 2079 81,
2142 2049 2195 2081 ep.
2214 2041 2324 2081 2422.)

762 2092 899 2126 26069.
919 2113 956 2118 -
971 2094 1113 2132 Filardo,
1136 2099 1209 2125 nato
1226 2094 1331 2126 Anelli
1349 2094 1512 2126 Baraballi
1526 2094 1563 2126 de
1581 2094 1690 2126 Gaieta
1708 2093 1787 2130 mil„
1813 2094 1950 2127 collatio
1976 2095 2058 2126 eccl.
2084 2103 2113 2126 s.
2135 2095 2256 2127 Crucis
2279 2095 2326 2128 de

718 2151 881 2184 Barrano,
901 2158 929 2180 s.
945 2158 987 2186 c.,
1007 2149 1176 2180 Theanen.
1198 2149 1258 2187 di.,
1278 2157 1350 2180 vac.
1367 2157 1428 2189 per
1445 2149 1633 2180 consecrat.
1651 2148 1770 2180 Jacobi
1788 2148 1856 2189 ep.i
1873 2149 2034 2180 Suessan.
2048 2158 2057 2185 3
2074 2157 2142 2180 non
2157 2147 2245 2180 obst.
2271 2157 2328 2181 ca-

721 2212 798 2235 non.
817 2203 897 2234 eccl.
914 2203 1086 2235 Gaietanae
1094 2204 1127 2234 et
1142 2202 1348 2243 quibusdam
1363 2211 1458 2243 perp.
1471 2202 1582 2234 benef.
1601 2211 1629 2234 s.
1640 2211 1669 2234 c.
1689 2203 1740 2242 (16
1752 2211 1827 2234 unc.
1845 2201 1932 2242 auri)
1945 2202 1981 2233 in
1990 2202 2081 2234 civit.
2098 2202 2152 2234 vel
2167 2202 2212 2234 di.
2227 2202 2328 2236 Gaio-

718 2259 788 2289 tan.
807 2256 886 2288 —1.
911 2265 938 2287 e.
963 2265 1009 2287 m.
1036 2265 1113 2296 ep.0
1135 2256 1308 2293 Theatin.,
1329 2257 1363 2288 et
1384 2264 1474 2297 mag.
1494 2256 1637 2288 Nicolao
1663 2256 1704 2288 de
1729 2255 1875 2294 Fractis,
1901 2255 1967 2287 litt.
1998 2257 2108 2296 apost.
2126 2255 2326 2295 correctori,

719 2311 908 2347 Patracen„
924 2319 961 2341 ac
973 2310 1121 2341 Henrico
1138 2310 1285 2346 Galiota,
1303 2309 1538 2350 Neapolitanae
1549 2309 1630 2341 eccl.
1642 2318 1715 2342 can.
1728 2309 1782 2350 (A.
1795 2310 1847 2347 25,
1864 2309 1888 2340 f.
1903 2310 1964 2341 457
1979 2314 2011 2347 ²;
2029 2308 2062 2340 V.
2078 2310 2130 2346 81,
2147 2317 2201 2350 ep.
2213 2309 2325 2348 2515.)

763 2361 898 2393 26070.
918 2382 957 2387 -
970 2363 1100 2395 Mathaeo
1113 2369 1188 2395 nato
1201 2363 1332 2395 Joannis
1348 2363 1512 2396 Baraballi
1526 2363 1665 2396 collatio
1677 2372 1796 2396 canon.
1813 2363 1894 2396 eccl.
1908 2363 2081 2396 Gaietanae
2096 2363 2132 2395 in
2149 2372 2228 2404 qua,
2243 2363 2324 2397 licet

719 2419 765 2450 sit
784 2420 895 2450 certus
914 2426 987 2449 can.
1011 2426 1185 2455 numerus,
1204 2418 1307 2459 praeb.
1334 2419 1448 2450 tamen
1465 2417 1640 2450 distinctio
1666 2426 1734 2450 non
1758 2417 1917 2454 habetur;
1939 2425 2006 2449 non
2022 2417 2110 2449 obst.
2127 2417 2218 2458 quod
2233 2417 2326 2450 Cali-

719 2480 796 2503 nen.
817 2480 888 2503 can.
907 2472 939 2503 et
956 2480 984 2503 s.
1002 2472 1145 2503 Joannis
1159 2472 1200 2503 ad
1215 2472 1308 2503 Mare
1320 2471 1475 2504 Gaietan.
1494 2471 1574 2503 eccl.
1592 2471 1738 2503 clericus
1752 2471 1890 2503 existat.
1903 2471 1977 2502 -Ι.
1996 2479 2025 2503 e.
2041 2479 2086 2502 m.
2101 2472 2138 2503 ut
2155 2479 2184 2502 s.
2199 2470 2252 2510 (A.
2266 2472 2325 2508 25,

719 2525 743 2556 f.
757 2526 818 2557 459
836 2525 865 2562 ¹³3
891 2525 928 2556 V.
944 2526 995 2563 81,
1016 2534 1068 2565 ep.
1084 2527 1193 2563 2519.)

763 2576 904 2609 26071.
925 2597 963 2601 -
982 2578 1149 2610 Guillermo
1162 2579 1199 2610 de
1217 2579 1381 2611 Chabrello
1399 2579 1537 2611 collatio
1554 2587 1676 2611 canon.
1694 2578 1775 2610 eccl.
1805 2578 1969 2619 Aptensis
1989 2578 2054 2610 sub
2081 2586 2178 2618 exsp.
2203 2577 2325 2619 praeb.,

719 2632 830 2672 ipsius
847 2632 927 2664 eccl.
947 2632 1080 2664 clericis
1095 2633 1264 2673 assignari
1286 2635 1466 2665 consuetae.
1493 2649 1531 2656 —
1553 2633 1580 2664 I.
1608 2641 1638 2664 e.
1663 2641 1709 2664 m.
1734 2632 1838 2673 priori
1863 2632 1904 2664 de
1921 2631 2041 2668 Viens,
2059 2631 2181 2672 Apten.
2203 2631 2264 2670 di.,
2282 2639 2324 2664 ac

719 2685 882 2723 sacristae,
909 2687 943 2717 et
969 2686 1161 2717 Raimundo
1186 2687 1227 2718 de
1253 2687 1420 2725 Bulbone,
1448 2695 1522 2718 can.
1549 2686 1629 2718 eccl.
1657 2686 1867 2718 Avenionen.
1890 2685 1942 2724 (A.
1967 2686 2018 2722 25,
2038 2685 2062 2716 f.
2083 2686 2142 2717 267
2159 2685 2194 2723 *³3
2214 2684 2248 2717 V.
2265 2685 2324 2721 81,

718 2747 770 2779 ep.
787 2739 896 2779 2148.)

760 2789 894 2822 26072.
911 2810 948 2816 -
964 2792 1138 2824 Bertrando
1151 2803 1221 2835 ep.o
1238 2794 1409 2825 Tusculano
1426 2794 1563 2826 collatio
1581 2794 1752 2834 prioratus
1770 2793 1811 2825 de
1833 2793 1970 2831 saletis,
1995 2793 2034 2825 O.
2061 2793 2096 2825 S.
2113 2794 2165 2829 B.‚
2189 2793 2324 2834 Regen-

717 2846 775 2882 di.,
795 2855 867 2878 vac.
883 2855 944 2886 per
959 2846 1087 2878 obitum
1102 2847 1191 2887 apud
1206 2848 1239 2879 S.
1258 2849 1299 2880 A.
1319 2848 1480 2880 Rainaldi
1500 2848 1569 2888 ep.i
1587 2847 1758 2880 Ostiensis
1769 2856 1778 2884 3
1798 2855 1875 2879 cum
1890 2847 2042 2887 dispens.
2061 2855 2163 2887 super
2180 2845 2325 2887 plurali·
2347 2865 2354 2871 ›

715 2900 784 2931 tate
802 2899 1056 2932 beneficiorum.
1069 2919 1107 2924 —
1120 2901 1148 2932 Ι.
1165 2909 1194 2932 e.
1211 2910 1256 2933 m.
1274 2910 1378 2942 praep.
1396 2902 1624 2939 Avenionen.,
1651 2902 1684 2933 et
1697 2900 1850 2932 thesaur.
1877 2900 2045 2937 Briocen.,
2069 2909 2106 2932 ac
2124 2899 2325 2932 Raimundo

714 2953 761 2984 La
776 2953 877 2985 Serra
894 2962 967 2985 can.
985 2953 1131 2985 Ilerden.
1147 2955 1227 2986 eccl.
1245 2955 1297 2994 (A.
1317 2956 1368 2993 25,
1388 2954 1411 2986 f.
1427 2956 1488 2987 284
1504 2955 1534 2993 ι’;
1558 2955 1594 2986 V.
1614 2956 1665 2990 81,
1686 2963 1739 2995 ep.
1755 2953 1865 2994 2168.)
2244 2966 2246 2969 ·
