2540 3496
318 309 358 339 62
718 300 892 332 JOANNIS
916 299 1034 331 PAPAE
1057 299 1158 329 XXII.
1183 295 1429 337 (1316-1334).
1453 312 1492 317 -
1515 292 1703 323 LITTERAE
1727 289 1954 322 COMMUNES

348 396 451 423 Datum
479 391 662 424 Aveuz'one.

745 490 868 529 pertin.
887 488 927 518 acl
953 485 1065 516 collat.
1088 484 1152 523 epi
1183 485 1216 514 et
1244 483 1345 521 capit.
1364 481 1444 513 eccl.
1467 481 1659 512 Fesulanae.
1687 497 1727 502 -
1749 479 1773 509 I.
1801 487 1830 508 0.
1857 487 1901 508 m.
1920 476 1996 508 abb.
2016 478 2162 508 monast.
2181 486 2209 509 s.
2235 477 2356 516 Salvii,

746 541 932 573 Florentin.
960 539 1018 574 di„
1042 547 1079 568 ac
1097 537 1224 568 archid.
1248 535 1493 570 Winctonien„
1512 537 1545 564 et
1574 533 1732 572 Philippo
1756 532 1796 562 de
1818 531 1948 568 Mardis,
1970 539 2042 561 can.
2062 530 2251 563 Florentia.
2275 531 2356 563 0001.

747 595 798 632 (Α.
820 595 870 628 24,
891 594 913 622 f.
932 593 992 623 369
1009 597 1039 625 ὃ.
1068 590 1096 620 V.
1115 591 1166 626 80,
1185 597 1237 628 ep.
1254 589 1342 628 638.)

317 659 335 686 3
356 659 401 694 (111
422 656 504 691 non.)
521 656 579 684 dec.
600 654 685 683 1325.
792 642 928 675 23988.
949 661 987 666 -
1007 644 1099 674 Petro
1116 642 1269 683 Sparam',
1290 641 1370 672 cler.
1395 641 1594 675 Casertano,
1611 639 1693 670 cler.
1717 640 1821 670 eliam
1847 637 2002 673 Roberti‚
2030 637 2133 678 regis,
2158 639 2191 669 et
2214 637 2357 678 Sanciae,

399 703 428 729 Τ.
447 702 517 735 XIV,
535 701 605 728 XVI·
744 700 868 738 reginae
889 697 1025 733 Siciliae,
1042 696 1152 736 gratia
1169 704 1264 735 exsp.
1286 705 1309 725 ιι
1328 694 1452 732 benef.‚
1473 694 1576 725 unius
1597 693 1756 724 videlicet
1773 702 1801 723 0.
1818 701 1861 729 0.,
1877 692 2021 723 alterius
2037 700 2065 723 s.
2084 700 2126 727 c.,
2142 691 2178 722 in
2194 691 2287 723 civit.
2303 691 2359 723 vel

745 753 789 782 di.
808 752 982 783 Casertan.
1000 750 1052 787 (10
1067 758 1143 780 unc.
1157 749 1258 788 auri),
1276 748 1400 788 pertin.
1418 748 1461 778 ad
1477 747 1590 778 collat.
1606 747 1674 786 ep.i
1687 747 1831 786 etcupit.
1850 745 1932 777 0001.
1950 745 2156 777 Casertanae.
2170 762 2210 768 -
2222 745 2249 776 Ι.
2266 753 2296 777 e.
2311 754 2356 777 m.

743 807 780 835 ut
796 814 837 840 s..
856 813 886 834 n.
903 804 1016 834 23986.
1033 803 1087 843 (A.
1109 804 1160 840 24,
1180 802 1203 832 f.
1222 804 1279 834 391
1302 801 1332 839 ι»;
1357 801 1388 833 V.
1406 802 1458 839 80,
1478 810 1530 840 ep.
1549 800 1634 840 745.)

347 867 364 896 5
378 867 470 903 (non.)
487 866 544 893 dec.
564 865 651 893 1325.
788 854 928 887 23989.
947 874 985 879 -—
1005 857 1161 887 Aimerico
1179 856 1338 897 archiep.0
1356 856 1566 887 Ravennacen.
1585 859 1613 886 et
1635 854 1802 886 francisco
1821 864 1891 896 ep.o
1912 853 2093 885 Florentino
2110 854 2225 885 mand.
2243 855 2282 886 ut
2296 855 2358 886 Ar-

459 911 488 937 T-
510 911 540 937 L.
741 911 892 950 doynum
919 910 995 941 abb.
1019 912 1164 942 monast.
1188 919 1216 941 s.
1240 910 1347 948 Illari,
1366 911 1600 942 Ravennaten.
1624 909 1683 945 di.,
1710 908 1919 940 transferant
1944 909 1987 939 ad
2012 907 2185 939 abbatiam
2209 909 2356 940 monast.
2412 922 2415 924 ·

741 973 769 994 s.
788 964 910 1004 Angeli
927 964 968 995 de
985 964 1160 1000 Ciaserna,
1179 964 1218 996 O.
1235 965 1268 995 S.
1285 965 1338 1002 Β.,
1355 963 1525 1004 Eugubin.
1543 963 1603 1001 di.‚
1624 971 1685 1002 per
1703 963 1835 994 obitum
1851 962 1997 994 Andreae
2014 961 2104 1001 apud
2120 961 2154 994 S.
2169 962 2212 993 A.
2230 961 2359 1002 praevia

740 1018 891 1058 generali
909 1018 950 1049 de
968 1018 1201 1055 monasteriis,
1220 1017 1429 1058 prioratibus
1445 1019 1478 1048 et
1494 1017 1572 1048 aliis
1589 1017 1674 1048 locis
1691 1017 1726 1047 10
1741 1016 1844 1047 terris
1861 1016 1902 1048 R.
1920 1016 1960 1048 Ε.
1983 1015 2148 1056 subjectis
2166 1015 2358 1047 consisten-

740 1071 834 1102 tibus
848 1080 907 1111 per
926 1072 963 1101 P.
985 1072 1022 1102 P.
1040 1071 1128 1102 facta
1144 1074 1306 1103 reservat.
1327 1073 1514 1102 vacantem.
1533 1070 1586 1110 (A.
1604 1071 1656 1108 24,
1677 1070 1700 1101 f.
1720 1071 1780 1101 273
1797 1075 1828 1107 a;
1853 1069 1886 1100 V.
1903 1070 1954 1108 80,
1975 1078 2027 1109 ep.
2046 1069 2133 1109 415.)

460 1132 493 1159 Ut
511 1140 534 1159 s.
787 1121 925 1154 23990.
947 1141 985 1146 -
1005 1123 1132 1154 Eisdem
1152 1124 1266 1155 mand.
1285 1125 1321 1155 ut
1340 1124 1507 1155 Joannem
1533 1124 1683 1164 priorem
1706 1124 1908 1155 Herminovi
1927 1123 1968 1155 de
1988 1122 2259 1158 Strabatenzolo,
2282 1122 2356 1154 ord.

454 1177 483 1203 T·
506 1176 536 1203 L·
739 1178 987 1214 Camaldulen.,
1002 1178 1235 1209 Ravennaten.
1251 1178 1310 1214 di„
1325 1177 1511 1217 praeficiant
1525 1178 1559 1208 in
1574 1177 1649 1208 abb.
1665 1177 1818 1217 praedicti
1828 1178 1975 1208 monast.
1991 1185 2019 1207 8.
2032 1175 2229 1213 Illari,cum
2242 1176 2358 1216 ipsum

739 1240 798 1270 per
812 1231 988 1270 praefatam
1006 1231 1266 1262 translationem
1284 1240 1402 1262 vacare
1421 1232 1613 1271 contigerit.
1631 1231 1684 1271 (A.
1700 1232 1751 1268 24,
1768 1230 1791 1261 f.
1809 1232 1870 1262 273
1885 1235 1915 1268 ²;
1939 1229 1973 1261 V.
1989 1230 2040 1268 80,
2059 1238 2113 1270 ep.
2127 1229 2217 1269 416.)

458 1292 494 1320 Ut
508 1300 531 1319 s.
784 1282 923 1314 23991.
940 1303 977 1308 -
993 1285 1113 1316 Joanm’
1127 1284 1222 1315 electo
1240 1284 1407 1315 Basiliensi
1422 1286 1576 1325 potestas
1595 1284 1801 1316 concedendi
1814 1284 2059 1316 tabellionatus
2076 1283 2132 1315 off.
2150 1293 2173 1314 ιι
2190 1283 2271 1315 cler.
2290 1291 2358 1316 non

418 1337 448 1365 T·
471 1337 565 1364 XXIV·
739 1339 931 1378 conjugatis
947 1347 1008 1370 nec
1028 1339 1063 1369 in
1081 1339 1190 1370 sacris
1206 1339 1279 1370 ord.
1296 1339 1506 1370 constitutis.
1527 1338 1579 1376 (A.
1599 1340 1650 1376 24,
1676 1338 1700 1369 f.
1719 1339 1777 1369 115
1790 1337 1820 1376 ¹³3
1844 1337 1880 1369 V.
1899 1338 1951 1375 80,
1970 1346 2023 1377 ep.
2043 1336 2150 1378 1501.)

321 1401 340 1428 6
355 1400 423 1436 (vm
439 1400 491 1435 id.)
504 1400 563 1427 dec.
583 1398 671 1427 1325.
784 1389 921 1422 23992.
938 1410 977 1415 -
990 1392 1079 1433 Ep.o
1098 1392 1299 1423 Ambianensi
1318 1393 1430 1424 mand.
1449 1394 1486 1423 ut
1502 1393 1678 1432 dispenset
1691 1392 1860 1423 ,Ioannem
1879 1392 1920 1422 de
1936 1391 2060 1423 Contes
2077 1392 2110 1422 et
2129 1391 2299 1422 Joannam
2315 1389 2358 1422 de

434 1445 465 1472 T·
486 1445 556 1472 XVI·
737 1447 894 1485 JumeyS,
913 1454 983 1477 suae
1002 1446 1062 1483 di,
1083 1447 1120 1477 ut
1137 1446 1289 1477 matrim.
1312 1446 1402 1478 inter
1423 1454 1483 1477 eos
1505 1447 1715 1478 contractum
1741 1453 1980 1476 consummare
1999 1445 2033 1476 et
2054 1444 2090 1476 in
2114 1453 2155 1476 eo
2180 1451 2358 1476 remanere

738 1500 872 1531 valeant
878 1509 887 1535 ;
905 1509 972 1531 non
992 1499 1080 1530 obst.
1099 1501 1188 1540 quod
1203 1500 1295 1531 idem
1315 1500 1466 1531 Joannes
1485 1499 1568 1530 olim
1585 1508 1662 1530 cum
1679 1499 1851 1539 quondam
1870 1498 2052 1530 domicella
2067 1498 2159 1530 dicta
2180 1498 2222 1530 de
2238 1497 2357 1535 Audit,

734 1553 906 1593 jamdictae
921 1554 1062 1584 Joannae
1074 1554 1109 1584 in
1123 1558 1175 1584 111⁰
1192 1554 1414 1593 consanguin.
1433 1553 1540 1593 gradu
1555 1553 1744 1592 conjuncta,
1761 1553 1796 1583 in
1813 1552 1899 1583 facie
1913 1551 1995 1583 0001.
2011 1560 2072 1592 per
2087 1551 2192 1583 verba
2211 1551 2252 1584 de
2268 1551 2357 1584 facto

738 1607 914 1646 sponsalia
931 1607 1152 1644 contraxerit,
1174 1616 1249 1647 quae
1273 1607 1413 1647 quidem
1436 1607 1619 1638 domicella
1643 1607 1733 1638 iufra
1757 1606 1997 1647 paucosdies,
2017 1605 2106 1637 inter
2131 1613 2190 1637 eos
2212 1605 2357 1636 minime

737 1661 864 1692 carnali
883 1662 1004 1701 copula
1023 1661 1218 1698 subsecuta,
1236 1661 1327 1692 diem
1344 1661 1469 1692 clausit
1483 1663 1688 1692 extremum.
1703 1661 1757 1702 (A.
1777 1661 1829 1697 24,
1848 1660 1870 1691 f.
1888 1661 1949 1691 218
1964 1659 1994 1697 ¹³3
2019 1659 2056 1692 V.
2079 1661 2131 1698 80,
2150 1668 2204 1700 ep,
2220 1660 2309 1700 296.)

457 1720 493 1748 Ut
511 1729 533 1747 s.
782 1712 921 1744 23993.
938 1733 971 1737 -
990 1715 1030 1745 Ν.
1045 1726 1084 1745 m.
1105 1715 1210 1745 Μανία
1227 1714 1264 1746 de
1283 1714 1489 1752 Bellomonee,
1505 1714 1584 1746 dmae
1599 1714 1637 1747 de
1650 1714 1839 1755 Avalqoria,
1858 1713 2064 1746 cenomanen.
2083 1713 2142 1752 di„
2157 1713 2280 1745 indult.
2297 1713 2358 1745 eli-

439 1765 469 1791 T-
487 1765 546 1792 xli.
736 1769 837 1808 gendi
855 1769 1086 1800 confessorem
1101 1769 1158 1808 qui
1174 1769 1285 1808 ipsam
1300 1769 1477 1800 absolvere
1493 1769 1606 1800 valeat
1623 1769 1656 1800 in
1673 1768 1811 1800 casibus
1824 1768 1857 1800 S.
1876 1768 1917 1800 A.
1934 1776 2002 1799 non
2015 1767 2214 1800 reservatis.
2232 1766 2287 1808 (A.
2303 1768 2356 1804 24,

737 1822 759 1853 f.
778 1823 837 1853 224
852 1822 881 1859 123
909 1822 941 1852 V.
958 1823 1009 1860 80,
1028 1832 1081 1862 ep.
1098 1822 1186 1862 316.)

316 1879 333 1907 7
350 1881 407 1916 (vn
425 1881 477 1913 id.)
499 1881 557 1909 dec.
578 1880 667 1909 1325.
781 1873 920 1905 23994.
945 1895 981 1898 -
999 1876 1131 1906 Hinrico
1148 1875 1304 1912 Adeloldi,
1322 1884 1416 1916 perp.
1443 1876 1571 1907 vicario
1592 1876 1673 1908 eccl.
1695 1875 1859 1908 Lubicen.
1879 1877 1912 1907 et
1932 1875 2056 1907 rectori
2076 1874 2157 1907 eccl.
2177 1874 2213 1906 in
2232 1873 2355 1906 Evers-

399 1926 429 1954 T-
446 1927 492 1960 xl,
510 1926 581 1953 xlll.
735 1930 858 1964 walde,
878 1930 1155 1970 Brandeburgen.
1169 1931 1228 1965 di..
1246 1939 1342 1969 prov.
1358 1929 1551 1961 canon.sub
1568 1938 1664 1969 exsp.
1684 1929 1788 1969 prael).
1805 1929 1886 1961 0001.
1903 1929 2059 1961 Werden.
2075 1946 2115 1951 —
2129 1929 2156 1960 Ι.
2171 1937 2201 1960 e.
2212 1937 2260 1960 m.
2277 1937 2355 1968 ep.o

735 1983 986 2024 Razeburgen„
1003 1986 1035 2015 et
1052 1983 1127 2014 abb.
1147 1985 1294 2015 monast.
1319 1984 1353 2014 S.
1372 1984 1416 2014 M.
1434 1985 1532 2014 extra
1551 1992 1668 2014 muros
1687 1983 1839 2020 Stadeu„
1857 1992 1894 2014 ac
1913 1983 2065 2015 thesaur.
2087 1982 2169 2014 0001.
2185 1981 2354 2014 Hambur-

735 2046 822 2077 gen,
843 2039 998 2069 Bremen.
1018 2038 1064 2068 di.
1084 2038 1138 2077 (A.
1159 2039 1211 2075 24,
1229 2037 1251 2068 f.
1270 2039 1327 2068 251
1343 2037 1372 2075 ¹³3
1395 2037 1429 2068 V.
1447 2038 1498 2074 80,
1520 2045 1572 2077 ep.
1588 2036 1676 2077 368.)

452 2094 487 2121 Ut
506 2102 530 2120 s.
780 2088 918 2121 23995.
941 2110 978 2114 -
995 2091 1124 2122 Hinrico
1143 2091 1179 2122 de
1195 2091 1368 2126 Dartsowe,
1392 2100 1500 2131 nuper
1518 2091 1657 2131 proviso
1673 2091 1714 2122 de
1735 2091 1961 2131 praepositura
1979 2090 2199 2122 Ramesloen.
2225 2091 2259 2122 01
2283 2098 2356 2122 800-

340 2137 370 2164 Τ-
394 2137 454 2163 xlll
469 2137 511 2170 ¹l2⁷
532 2138 580 2164 XV
597 2137 642 2173 ¹l2·
735 2145 856 2176 lastria
875 2145 1107 2185 Hamburgen.
1124 2145 1359 2181 ecclesiarum,
1377 2146 1534 2176 Bremen.
1553 2145 1614 2181 di..
1631 2145 1833 2176 vacantibus
1846 2144 1964 2185 (quam
1982 2144 2121 2185 quidem
2137 2139 2354 2175 scolastriam

735 2199 866 2229 ratione
882 2199 1024 2230 alterius
1041 2199 1270 2239 impetrantis,
1285 2199 1343 2239 qui
1360 2199 1401 2230 de
1415 2199 1476 2230 illa
1489 2207 1506 2229 a
1524 2198 1618 2238 Papa
1633 2198 1701 2229 sibi
1719 2198 1893 2238 provideri
1909 2198 2069 2238 primitus
2082 2197 2242 2235 obtinuit,
2260 2205 2351 2229 asse·

736 2252 794 2292 qui
812 2253 954 2283 minime
971 2253 1106 2292 potuit),
1125 2255 1321 2284 reservatur
1338 2253 1447 2292 major
1467 2252 1571 2292 praeb.
1591 2252 1673 2283 eccl.
1688 2252 1879 2283 Zwerinen.
1900 2252 1936 2283 in
1949 2261 2016 2292 qua
2033 2250 2165 2283 obtinet
2182 2259 2304 2290 canon.
2320 2251 2354 2283 et

737 2307 902 2337 minorem
919 2306 1022 2346 praeb.
1043 2309 1158 2346 (super
1181 2316 1247 2347 qua
1262 2307 1352 2346 apud
1369 2307 1402 2338 S.
1420 2308 1461 2337 A.
1480 2306 1592 2346 litigat
1617 2314 1788 2346 quamque
1805 2306 1978 2339 dimittere
1991 2305 2140 2346 tenetur)
2147 2315 2156 2342 ;
2179 2314 2248 2338 non
2263 2304 2352 2338 obst.

735 2360 770 2390 in
784 2360 946 2391 Lubicen.
966 2369 1085 2392 canon.
1104 2362 1136 2391 et
1152 2360 1269 2400 praeb„
1289 2362 1322 2392 et
1337 2360 1371 2391 in
1390 2361 1481 2391 dicta
1503 2360 1736 2400 Hamburgen.
1759 2360 1841 2391 eccl.
1857 2368 1976 2391 canon.
1997 2359 2062 2391 suh
2079 2367 2174 2400 exsp.
2193 2358 2297 2399 praeb.
2313 2377 2353 2384 -

736 2414 762 2445 1.
780 2423 808 2445 e.
828 2423 873 2444 m.
892 2414 1064 2454 archiep.o
1090 2414 1320 2451 Ebredunen.,
1348 2416 1381 2445 et
1401 2423 1478 2454 ep.o
1505 2413 1774 2454 Rasceburgen„
1793 2422 1830 2444 ac
1855 2413 1931 2444 abb.
1957 2414 2104 2445 monast.
2123 2413 2157 2445 S.
2183 2413 2230 2445 M.
2255 2413 2354 2445 extra

735 2476 852 2498 muros
868 2468 1018 2504 Staden„
1034 2469 1191 2499 Bremen.
1210 2468 1256 2499 di.
1275 2468 1329 2508 (A.
1346 2469 1397 2503 24,
1415 2467 1439 2499 f.
1455 2469 1515 2499 283
1533 2467 1563 2503 ¹³3
1586 2466 1623 2499 V.
1637 2468 1688 2505 80,
1706 2475 1759 2506 ep.
1775 2468 1862 2505 451.)

330 2521 348 2548 9
365 2525 394 2555 (v
412 2520 464 2552 id.)
483 2521 542 2549 dec.
564 2521 652 2550 1325.
780 2518 918 2551 23996.
934 2538 972 2543 -
988 2521 1180 2562 Leodeyario
1193 2521 1229 2552 de
1246 2521 1412 2559 Betisiaco,
1427 2530 1501 2552 can.
1513 2521 1709 2557 Carnoten.,
1723 2529 1796 2560 cap.
1813 2522 1846 2552 et
1861 2520 1971 2552 famil.
1988 2521 2129 2552 Joannae
2143 2521 2182 2553 F.
2194 2521 2282 2553 etN.
2296 2521 2352 2559 R„

392 2565 423 2592 Τ·
441 2565 499 2599 XII,
517 2566 586 2593 XIV·
735 2575 857 2606 indult.
875 2577 922 2612 ut,
942 2575 1098 2606 residens
1112 2576 1147 2606 in
1165 2575 1281 2615 aliquo
1294 2575 1407 2607 benef.
1425 2583 1578 2610 suorum,
1599 2574 1730 2606 fructus
1748 2574 1947 2606 eorumdem
1965 2583 2074 2614 usque
2091 2575 2133 2606 ad
2151 2574 2352 2615 triennium,

735 2638 754 2660 a
773 2638 809 2660 ιιι
829 2629 874 2659 id.
898 2629 1078 2669 praesentis
1102 2629 1232 2660 mensis
1257 2629 1519 2666 numerandum,
1544 2628 1674 2668 integre
1697 2628 1875 2668 percipiat.
1899 2645 1937 2650 —
1953 2628 1981 2659 1.
2002 2637 2032 2660 e.
2053 2637 2100 2659 m.
2118 2637 2147 2660 8.
2171 2627 2354 2661 Genovefae

734 2683 918 2720 Parisien„
944 2684 976 2714 et
1005 2692 1032 2713 8.
1054 2683 1147 2714 Petri
1173 2683 1353 2715 Carnoten.
1374 2684 1521 2714 monast.
1547 2681 1638 2720 abb„
1664 2690 1702 2713 ac
1726 2682 1852 2713 decano
1875 2681 1957 2713 0001.
1979 2682 2199 2714 Parisiensis.
2225 2681 2280 2723 (A.
2300 2683 2353 2721 24,

736 2736 759 2766 f.
777 2738 836 2767 247
850 2741 878 2773 ⁸3
899 2736 936 2767 V.
955 2737 1005 2772 80,
1025 2745 1079 2776 ep.
1094 2736 1182 2776 363.)

321 2788 357 2815 10
374 2794 416 2823 (ιν
435 2787 486 2822 id.)
501 2788 559 2816 dec.
577 2789 665 2819 4325.
781 2787 916 2819 23997.
940 2807 979 2813 --
1009 2789 1124 2821 Car-olo
1145 2790 1306 2832 archiep.o
1333 2789 1504 2829 mandensi,
1533 2789 1655 2821 Swetiae
1678 2789 1823 2830 primati,
1851 2789 1997 2821 facultas
2023 2789 2267 2822 reconciliandi
2292 2798 2354 2830 per

435 2833 465 2860 T.
487 2833 546 2861 XII.
735 2843 840 2875 alium
864 2844 906 2874 ad
923 2844 1113 2875 triennium
1130 2844 1213 2875 0001.
1239 2845 1272 2875 et
1294 2844 1486 2875 caemeteria
1507 2843 1635 2875 violata
1651 2851 1793 2875 suarum
1816 2843 1911 2874 civit.
1929 2844 1962 2874 et
1982 2843 2029 2874 di.
2054 2843 2109 2884 (A.
2129 2845 2182 2881 24,
2200 2843 2223 2876 f.
2243 2844 2304 2876 333
2321 2843 2352 2881 ¹²3

742 2896 778 2927 V.
794 2898 845 2934 80,
860 2905 912 2937 ep.
929 2898 1008 2934 558;
1027 2898 1065 2928 L.
1083 2898 1263 2935 Monesen,
1278 2898 1362 2929 Acta
1378 2897 1568 2938 Pontificum
1585 2897 1718 2934 Daniea,
1732 2898 1757 2929 t.
1773 2897 1802 2934 1,
1820 2905 1853 2937 p.
1868 2898 1920 2935 58,
1938 2905 1971 2928 n.
1991 2897 2077 2937 129.)

454 2949 491 2977 Ut
511 2958 536 2978 s.
781 2947 920 2980 23998.
940 2968 980 2973 -
1000 2950 1113 2981 Eidem
1133 2951 1279 2983 facultas
1295 2951 1457 2991 exigendi
1483 2960 1503 2982 a
1529 2959 1620 2991 pers.
1643 2950 1834 2982 ecclesiast.
1858 2950 1927 2982 sibi
1951 2951 1984 2982 01
2005 2951 2088 2982 0001.
2116 2959 2187 2983 suae
2205 2950 2354 2983 subditis

360 2992 391 3019 T.
408 2993 490 3027 XXX»
507 2994 625 3022 XXXIV.
736 3004 949 3036 moderatum
968 3004 1176 3042 subsidium,
1191 3005 1233 3036 ad
1248 3004 1457 3036 obviandum
1473 3005 1661 3036 multarum
1675 3004 1838 3036 oneribus
1854 3012 2084 3044 expensarum
2097 3013 2184 3045 quas
2199 3013 2261 3045 pro
2279 3005 2355 3037 suis
