2540 3496
229 427 335 456 Datum
353 420 539 456 Avenione.

346 491 428 498 ———

267 689 309 718 30
323 689 392 717 maii
407 688 498 717 1327.

272 735 318 770 (111
337 733 398 762 kal.
416 733 494 770 jun.)

329 779 361 808 T.
380 779 440 809 XX.

267 957 306 986 31
323 957 393 985 maii
411 955 500 986 4327.

282 1002 317 1037 (ιι
333 1001 394 1031 kal.
406 1001 485 1039 jun.)

290 1047 322 1075 T.
337 1047 384 1080 xl,
403 1047 478 1075 XIII.

229 1119 242 1145 Ι
261 1118 349 1154 (kal.)
360 1119 430 1154 Jun.
453 1119 543 1149 1327.

321 1164 353 1192 T.
373 1164 444 1192 XVI.

340 1388 375 1416 Ut
396 1396 420 1417 s.

290 1432 320 1460 T.
339 1433 386 1466 xl,
401 1433 474 1461 XIII.

342 1602 379 1630 Ut
404 1610 429 1631 s.

331 1647 363 1675 T.
381 1647 439 1675 XL.

343 1710 380 1738 Ut
400 1718 424 1738 s,

304 1754 335 1782 T.
351 1755 385 1789 X,
401 1755 462 1783 XII.

346 1977 380 2005 Ut
397 1986 420 2005 s.

330 2023 361 2050 T.
383 2023 440 2051 XL.

345 2139 380 2167 Ut
397 2147 422 2167 s.

332 2184 362 2211 T.
380 2184 439 2211 XX.

343 2299 380 2328 Ut
395 2308 421 2330 ε.

309 2345 339 2372 Τ.
357 2345 454 2374 XXVI.

345 2569 380 2597 Ut
397 2577 421 2596 s.

253 2635 255 2637 .
291 2613 323 2641 T.
338 2613 385 2648 XI,
403 2613 477 2641 XIII.

343 2836 379 2865 Ut
399 2845 423 2864 s.

290 2881 320 2909 T.
338 2882 385 2915 ΧΙ,
402 2882 475 2911 ΧΙΙΙ.

604 332 780 364 JOANNIS
803 332 924 363 PAPAE
945 331 1048 363 XXII.
1073 334 1323 371 (1316-1334).
1347 352 1384 357 —
1407 333 1595 364 LITTERAE
1618 333 1845 365 COMMUNES
2178 338 2243 368 543

619 532 795 569 >converso
811 523 1022 564 equitantem
1038 523 1079 555 de
1102 523 1191 555 dicto
1214 523 1288 555 loco
1309 524 1349 555 de
1373 525 1523 556 ceccano
1539 534 1648 565 usque
1666 534 1770 566 prope
1786 526 1936 557 castrum
1951 526 1993 558 de
2009 526 2167 564 Arnaria,
2186 535 2242 558 cu-

626 578 684 619 ,ius
698 586 760 618 pro
772 579 865 618 parte
876 577 989 608 dictus
1001 585 1033 608 n.
1049 585 1081 608 ν.
1094 576 1197 608 d.nus
1210 577 1340 615 existit,
1351 577 1460 618 ejusd.
1475 578 1536 614 di.,
1549 587 1664 610 secum
1676 579 1775 611 duxit
1792 579 1949 611 invitum.
1963 579 2017 619 (A.
2030 581 2083 619 27,
2097 579 2120 611 f.
2135 581 2196 612 354
2207 580 2222 602 ¹³
2230 590 2241 617 ;

634 631 671 664 V.
690 632 742 669 83,
758 640 813 672 ep.
832 631 938 670 1929.)

674 682 814 716 28815.
833 702 872 708 -
887 684 974 725 Ep.o
994 683 1174 722 Caturcen„
1193 688 1221 714 el
1235 682 1362 724 Huqom·
1376 683 1413 715 de
1428 684 1592 726 Arpajone
1607 695 1643 716 ac
1660 686 1777 717 Joarmi
1793 686 1824 717 Ia
1840 686 2021 725 Bacalaria,
2041 697 2109 719 can.
2125 687 2243 719 Euthe-

630 749 716 778 nen„
733 738 848 771 mand.
869 739 906 770 ut
922 737 1111 770 Bertrando
1129 737 1170 769 de
1185 737 1307 774 Turre,
1326 737 1405 769 cler.
1422 738 1614 770 Ruthenen.
1634 739 1694 777 di.,
1711 739 1886 772 conferant
1903 740 1957 772 off.
1976 741 2140 781 operariae
2152 742 2243 782 prio·

629 796 726 826 ratus
743 802 771 825 s.
790 792 943 825 Amantii
965 791 1172 829 Ruthenen.‚
1191 791 1230 823 Ο.
1247 791 1281 823 S.
1301 791 1353 828 B.,
1376 791 1515 823 solitum
1532 801 1592 832 per
1607 793 1790 824 saeculares
1808 794 1888 825 cler.
1907 794 2001 834 gub„
2017 796 2094 826 ante
2110 795 2242 827 obitum

629 846 829 888 Berengarii
858 847 1016 879 Buosson
1045 854 1106 885 per
1132 845 1202 876 PP.
1223 844 1383 885 disposit.
1417 853 1486 876 suae
1511 847 1736 877 reservatum.
1765 847 1819 886 (A.
1851 848 1923 885 258,
1950 848 1973 879 f.
2000 850 2059 880 105
2079 848 2109 886 l‘3
2135 849 2171 881 V.
2188 850 2242 888 84,

630 910 683 943 ep.
700 900 809 940 2086.)

675 951 815 986 28818.
833 972 871 977 -
887 952 1060 995 Reqinaldo
1074 952 1113 984 de
1129 952 1284 988 Houdetot
1300 961 1396 993 prov.
1413 961 1532 984 canon.
1551 951 1614 984 sub
1626 961 1722 993 exsp.
1740 953 1843 993 praeb.
1863 955 1942 986 eccl.
1961 955 2242 989 Cenomanensis.

629 1028 668 1034 --
685 1009 711 1041 Ι.
731 1017 760 1041 e.
779 1017 825 1040 m.
843 1008 1002 1049 Bajocen.
1022 1009 1055 1040 et
1072 1007 1113 1039 de
1131 1006 1277 1047 Sableyo
1292 1006 1522 1038 Cenomanen.
1536 1006 1709 1044 archid.is,
1728 1015 1766 1038 ac
1781 1007 1919 1040 scolast.
1939 1008 2122 1041 Abrincen.
2138 1011 2243 1043 eccle-

630 1063 702 1095 siae.
721 1063 775 1102 (A.
792 1064 843 1101 27,
862 1062 885 1095 f.
905 1063 965 1093 414
982 1061 1012 1100 ¹²;
1037 1061 1070 1092 V.
1089 1062 1141 1096 84,
1161 1070 1214 1102 ep.
1232 1061 1339 1100 2154.)

675 1113 815 1148 28817.
836 1134 874 1140 -
889 1116 977 1157 Ερ.ο
1000 1115 1199 1156 Mayalonen.
1225 1114 1339 1146 mand.
1357 1115 1394 1146 ut
1418 1114 1697 1150 Ermessendam‚
1724 1114 1908 1147 monialem
1929 1116 1964 1147 S.
1980 1116 2024 1148 M.
2051 1117 2092 1148 de
2117 1117 2242 1158 Rippa,

629 1171 668 1204 O.
686 1171 720 1203 S.
736 1171 791 1208 A..
808 1170 1022 1210 Magalonen.
1042 1169 1102 1206 di.,
1118 1177 1193 1209 quae
1203 1168 1323 1200 decore
1336 1167 1510 1208 pudicitiae
1526 1168 1661 1208 perdito
1678 1176 1740 1199 vas
1754 1177 1856 1200 suum
1877 1170 2061 1202 maculavit
2079 1180 2156 1202 cum
2170 1171 2245 1212 plu·

630 1224 727 1256 ribus
743 1233 780 1256 se
797 1223 980 1256 carnaliter
1000 1222 1265 1260 commiscendo,
1284 1222 1360 1262 capi
1381 1221 1484 1253 faciat
1500 1222 1533 1254 et
1550 1221 1585 1253 in
1606 1221 1723 1262 aliquo
1741 1230 1876 1254 carcere
1893 1223 2050 1262 detineri,
2069 1224 2176 1256 donec
2190 1234 2244 1256 su-

630 1287 691 1319 per
702 1278 765 1310 hoc
780 1278 876 1310 aIIud
894 1277 997 1309 fuerit
1014 1286 1033 1309 a
1051 1277 1118 1308 PP.
1136 1276 1344 1314 ordinatum,
1369 1275 1579 1308 instantibus
1595 1275 1770 1307 Riccarda-
1786 1275 1828 1308 de
1842 1276 2057 1309 Monteacuto
2076 1278 2244 1318 priorissa

630 1334 662 1365 et
681 1341 776 1364 conv.
794 1331 876 1363 dicti
893 1332 1039 1363 monast.
1061 1331 1115 1372 (A.
1137 1331 1189 1369 27,
1209 1330 1233 1362 f.
1251 1331 1312 1362 312
1326 1335 1355 1368 ⁸;
1378 1329 1414 1361 V.
1432 1331 1485 1368 83,
1501 1338 1555 1370 ep.
1573 1331 1679 1368 1813.)

674 1383 812 1416 28818.
830 1404 869 1409 -
886 1384 1023 1416 Henrico
1046 1384 1084 1416 de
1100 1383 1183 1426 Reys
1205 1383 1319 1416 collat.
1345 1392 1465 1415 canon.
1483 1383 1548 1415 sub
1571 1392 1669 1424 exsp.
1698 1383 1802 1425 proeb.
1823 1384 1904 1415 eccl.
1924 1385 1961 1416 Β.
1979 1384 2023 1416 Μ.
2043 1386 2085 1416 ad
2109 1387 2244 1418 Gradus

630 1440 820 1478 Colonien.,
839 1448 907 1471 non
932 1439 1021 1471 obst.
1044 1447 1140 1479 perp.
1159 1438 1279 1478 capell.
1296 1438 1332 1469 in
1357 1437 1440 1469 eccl.
1457 1437 1499 1469 de
1517 1437 1686 1475 Memene,
1702 1437 1863 1470 Leodien.
1878 1438 1924 1469 di.
1941 1456 1981 1462 —
2001 1439 2027 1471 I.
2054 1448 2084 1471 e.
2101 1448 2147 1471 m.
2165 1440 2243 1472 abb.

629 1496 776 1526 monast.
803 1502 830 1526 s.
850 1492 1072 1525 Pantaleonis
1089 1491 1282 1529 Colonien.,
1300 1492 1333 1523 et
1358 1491 1485 1523 decano
1505 1500 1532 1523 S.
1550 1491 1671 1523 Crucis
1694 1491 1871 1530 Leodieu.,
1889 1500 1927 1523 ac
1951 1501 2040 1533 mag.
2057 1493 2186 1525 Busolo
2204 1494 2246 1526 de

629 1548 766 1584 Parma,
781 1556 855 1579 can.
873 1547 1062 1579 Tornacen.
1079 1546 1161 1578 eccl.
1183 1545 1236 1585 (A.
1253 1547 1304 1582 27,
1321 1544 1343 1576 f.
1363 1546 1424 1577 328
1440 1544 1470 1582 ¹³;
1492 1544 1529 1577 V.
1545 1546 1598 1583 83,
1614 1554 1667 1585 ep.
1689 1545 1795 1585 1844.)

676 1598 814 1631 28819.
831 1619 868 1624 -
884 1600 1019 1639 Albim„
1037 1599 1201 1631 Catum-en.
1222 1603 1253 1630 et
1266 1598 1486 1630 Montisalban.
1506 1599 1572 1640 εμὲ
1586 1598 1711 1631 dantur
1724 1600 1761 1631 ut
1776 1599 1910 1639 Judices
1926 1602 2186 1633 conservatores
2203 1602 2246 1633 ad

630 1655 904 1696 quinquennium
921 1654 1109 1686 Bertrando
1129 1662 1206 1694 ep.o
1224 1653 1424 1685 Sarlatensi.
1440 1653 1494 1694 (A.
1507 1654 1560 1691 26,
1577 1652 1600 1684 f.
1620 1654 1675 1684 191
1695 1658 1724 1690 ‘¹3
1746 1652 1778 1685 V.
1795 1654 1846 1692 83,
1865 1662 1916 1694 ep.
1937 1654 2045 1695 1836.)

674 1706 811 1739 28820.
829 1726 869 1731 -
881 1708 1002 1740 Joanm'
1014 1707 1129 1745 Paulo,
1141 1711 1215 1738 nato
1225 1706 1358 1738 Joanm‘s
1372 1705 1518 1738 Gratiani
1529 1702 1566 1737 de
1579 1706 1795 1744 Per-leonibus,
1809 1707 1921 1740 collat.
1939 1716 2058 1740 canon.
2072 1708 2136 1740 sub
2147 1718 2245 1749 exsp.

629 1762 733 1804 praeb.
751 1762 832 1794 eccl.
851 1771 879 1794 s.
901 1762 1094 1794 Anastasiae
1111 1761 1153 1793 de
1166 1760 1270 1793 Urbe.
1290 1779 1326 1784 -
1342 1760 1368 1792 Ι.
1386 1769 1415 1792 e.
1431 1769 1477 1792 m.
1493 1769 1581 1801 mag.
1600 1760 1802 1801 Pandulpho
1816 1761 1856 1792 de
1870 1761 2019 1799 Sabello,
2039 1771 2142 1803 praep.
2161 1763 2246 1795 Cha·

629 1816 810 1858 bleyarum
833 1816 868 1847 in
891 1816 973 1847 eccl.
991 1815 1023 1847 b.
1039 1815 1180 1847 Martini
1198 1814 1383 1851 Turonen„
1401 1815 1470 1846 not.
1489 1813 1571 1850 PP.,
1589 1815 1622 1846 et
1639 1814 1716 1846 abb.
1733 1816 1880 1846 monast.
1897 1823 1943 1846 ss.
1962 1815 2072 1847 Alesii
2093 1818 2127 1848 et
2146 1817 2247 1848 Boni-

629 1871 708 1902 facii
732 1871 774 1902 de
798 1869 904 1908 Urbe,
928 1878 966 1901 ac
991 1869 1159 1901 Riccardo
1185 1868 1226 1900 de
1244 1867 1462 1904 Annibaldis,
1488 1877 1560 1899 can.
1589 1867 1790 1900 Lateranen.
1818 1868 1870 1908 (A.
1890 1870 1943 1905 27,
1967 1869 1991 1900 f.
2007 1870 2068 1901 339
2084 1869 2116 1907 ¹³3
2139 1870 2176 1902 V.
2194 1872 2245 1908 83,

629 1933 682 1964 ep.
701 1925 806 1964 1887.)

675 1974 817 2008 28821.
834 1994 874 2000 --
890 1975 997 2017 Ep.us
1011 1975 1254 2010 maromontem,
1272 1979 1301 2006 et
1313 1974 1407 2005 abbas
1421 1974 1602 2005 monasterii
1619 1974 1765 2014 Casaedei,
1784 1974 2013 2008 claromonten.
2030 1975 2087 2013 di.,
2102 1986 2138 2007 ac
2155 1976 2245 2008 deca-

630 2042 690 2062 nus
702 2031 775 2063 eccl.
802 2030 985 2071 Luqdunen.
1001 2030 1125 2061 dantur
1141 2030 1178 2060 ut
1198 2029 1332 2069 judices
1348 2029 1606 2060 conservatores
1624 2029 1666 2060 ad
1687 2029 1960 2070 quinquennium
1986 2030 2135 2070 capitulo
2161 2031 2243 2063 eccl.

629 2084 837 2118 Aniciensis.
860 2084 912 2125 (A.
927 2085 980 2122 26,
1002 2083 1026 2114 f.
1045 2084 1104 2115 192
1122 2088 1151 2120 ’,-
1175 2082 1209 2114 V.
1224 2083 1277 2120 83,
1294 2090 1347 2123 ep.
1366 2083 1472 2122 1889.)

675 2136 812 2168 28822.
833 2157 871 2162 -
889 2137 982 2175 Bivo,
1000 2137 1068 2169 abb.
1092 2142 1224 2168 monast.
1242 2147 1267 2167 s.
1283 2136 1370 2167 Petri
1387 2135 1425 2167 de
1443 2136 1548 2166 Massa
1564 2135 1678 2166 Montis
1699 2135 1834 2167 Neronis
1856 2136 1898 2167 ad
1917 2136 1955 2168 R.
1976 2136 2017 2168 E.
2035 2137 2122 2168 nullo
2144 2138 2244 2169 medio

624 2193 758 2235 pertin„
778 2192 812 2224 Ο.
829 2192 866 2223 S.
880 2192 932 2228 B..
945 2190 1064 2223 Callen.
1081 2190 1139 2227 di.,
1154 2191 1256 2222 facul.
1272 2189 1460 2229 recipiendi
1476 2198 1602 2221 munus
1615 2191 1801 2222 consecrat.
1816 2198 1836 2221 a
1853 2199 2067 2231 quocumque
2085 2191 2245 2224 maluerit

630 2247 794 2279 antistite.
819 2245 872 2285 (A.
887 2247 939 2282 27,
956 2245 980 2276 f.
997 2246 1056 2277 338
1073 2244 1102 2283 b;
1126 2244 1160 2275 V.
1178 2245 1231 2282 83,
1251 2253 1304 2284 ep.
1327 2245 1433 2283 1903.)
1652 2266 1654 2268 -

673 2291 813 2331 28823.
832 2317 872 2323 ——
891 2297 1007 2330 Gentili
1026 2297 1064 2329 de
1090 2297 1256 2334 Collealto,
1273 2297 1395 2328 archid.
1412 2297 1449 2328 de
1471 2296 1625 2338 Major-ica
1647 2297 1681 2327 in
1705 2296 1777 2329 eccl.
1799 2297 1981 2338 Leqionen„
2005 2297 2071 2328 ΡΡ.
2092 2308 2174 2339 cap.‚
2194 2299 2244 2331 in·

630 2354 714 2386 dult.
741 2355 779 2385 ut
805 2353 841 2384 in
866 2353 1022 2385 Romana
1048 2352 1143 2383 curia
1162 2352 1197 2384 S.
1219 2352 1261 2383 A.
1283 2351 1460 2391 obsequiis
1481 2351 1687 2388 insistendo,
1712 2350 1845 2383 fructus
1869 2360 2163 2393 quorumcumque
2188 2352 2244 2384 be-

629 2408 831 2440 neficiorum
859 2415 1000 2438 suorum
1018 2405 1146 2446 absque
1163 2405 1350 2437 residentia
1365 2405 1538 2445 percipere
1556 2404 1680 2436 valeat.
1697 2422 1736 2427 —
1755 2405 1781 2436 1.
1800 2413 1829 2436 e.
1850 2414 1896 2436 m.
1916 2405 2050 2437 Reatin.
2071 2407 2104 2437 et
2125 2406 2246 2438 Marsi-

631 2471 704 2494 can.
723 2461 823 2502 epis,
841 2469 879 2492 ac
900 2459 1050 2492 Guidoni
1073 2460 1114 2491 de
1138 2459 1302 2498 Velletro,
1322 2458 1449 2490 archid.
1476 2458 1516 2490 de
1538 2458 1700 2490 Ardenna
1719 2458 1755 2489 in
1779 2458 1859 2490 eccl.
1883 2459 2057 2495 Leodieu.,
2082 2459 2150 2491 PP.
2170 2468 2244 2500 cap.

630 2516 682 2557 (A.
699 2517 750 2552 27,
774 2515 797 2546 f.
815 2516 874 2547 343
891 2514 922 2550 b;
947 2513 981 2546 V.
999 2515 1050 2551 83,
1071 2522 1122 2554 ep.
1140 2513 1244 2554 1908.)

676 2566 814 2599 28824.
835 2586 875 2591 -
898 2567 1006 2600 Blasio
1023 2567 1185 2598 Francisci
1204 2566 1288 2608 Lupi
1308 2566 1420 2598 collat.
1444 2574 1562 2598 canon.
1582 2565 1646 2597 sub
1670 2574 1765 2606 exsp.
1785 2566 1889 2606 praeb.
1909 2567 1988 2598 eccl.
2013 2575 2040 2598 s.
2060 2566 2245 2608 Grisogoni

629 2623 671 2655 de
689 2622 782 2655 Urbe
800 2623 836 2654 in
861 2631 940 2662 qua,
961 2621 1040 2653 licet
1063 2621 1108 2652 sit
1128 2621 1239 2652 certus
1261 2620 1502 2652 canonicorum
1524 2628 1701 2658 numerus,
1725 2619 1829 2660 praeb.
1850 2621 1965 2652 tamen
1983 2620 2159 2652 distinctio
2177 2629 2245 2652 non

629 2667 784 2708 habetur.
809 2693 848 2699 —
876 2676 902 2707 Ι.
922 2685 951 2707 e.
979 2684 1026 2707 m.
1053 2684 1129 2715 ep.o
1155 2673 1360 2712 viterbien„
1381 2675 1414 2705 et
1438 2673 1514 2705 abb.
1538 2674 1685 2706 monast.
1707 2682 1736 2705 s.
1762 2673 1871 2706 Blasii
1895 2674 1936 2705 de
1953 2674 2181 2706 Cantusecuta
2203 2674 2244 2706 de

629 2730 733 2768 Urbe,
761 2739 799 2761 ac
824 2729 992 2762 Riccardo
1012 2728 1176 2760 Anibaldi
1201 2728 1241 2759 de
1268 2727 1463 2763 Anibaldis,
1492 2736 1565 2759 can.
1591 2727 1791 2759 Lateranen.
1821 2727 1874 2767 (A.
1896 2729 1948 2763 27,
1974 2726 1996 2758 f.
2015 2728 2075 2758 344
2089 2726 2119 2764 b;
2141 2726 2174 2757 V.
2191 2728 2242 2765 83,

630 2793 682 2824 ep.
701 2784 807 2824 1910.)

674 2834 801 2866 28824
816 2835 880 2866 bis.
900 2855 938 2860 —
954 2835 1128 2872 Leonardo,
1148 2840 1223 2866 nato
1242 2834 1357 2877 quond.
1379 2834 1492 2873 Blasii,
1513 2834 1622 2875 gratia
1641 2843 1736 2874 exsp.
1756 2834 1867 2866 benef.
1885 2834 2072 2865 ecclesiast.
2093 2842 2121 2865 c.
2142 2842 2169 2865 c.
2190 2834 2244 2866 vel

631 2900 658 2923 s.
679 2900 722 2929 c.‚
742 2891 878 2922 etiamsi
900 2891 992 2930 dign.
1014 2890 1067 2921 vel
1090 2891 1293 2930 personatus
1310 2889 1448 2925 existat,
1466 2889 1507 2920 ad
1531 2888 1598 2928 ep.i
1615 2888 1859 2928 Balneoregen.
1882 2887 2143 2927 dispositionem
2165 2896 2242 2927 per-

629 2944 692 2976 tin.
704 2953 712 2982 ;
726 2953 792 2976 non
808 2944 896 2975 obst.
917 2944 952 2975 in
971 2943 1051 2975 eccl.
1071 2952 1098 2974 s.
1118 2943 1307 2975 Salvatoris
1328 2943 1369 2974 de
1393 2942 1556 2974 Curtibus
1574 2942 1614 2973 de
1631 2941 1722 2973 Urbe
1740 2950 1857 2972 canon.
1878 2942 1911 2972 et
1927 2940 2052 2979 benef.‚
2070 2941 2171 2980 atque
2187 2941 2242 2973 off.

631 2998 756 3029 scholae
770 2999 948 3029 cantorum
965 2997 1006 3028 de
1022 2997 1112 3028 dicta
1126 2995 1218 3028 Urbe
1236 2996 1326 3036 quod
1344 2996 1491 3035 simplex
1505 2995 1615 3027 benef.
1636 2995 1753 3025 existit
1771 2994 1822 3033 (25
1839 2994 1913 3025 flor.
1929 2994 2003 3025 auri
2020 2994 2186 3034 insimul).
2203 3013 2243 3019 —-

630 3051 659 3083 I.
678 3060 707 3083 e.
725 3059 770 3082 m.
788 3051 825 3082 ut
841 3059 869 3082 s.
891 3051 942 3088 (Α.
962 3052 1013 3086 27,
1034 3050 1057 3080 f.
1078 3051 1138 3081 345
1153 3055 1180 3086 ⁸3
1205 3049 1239 3080 V.
1261 3050 1311 3087 83,
1331 3057 1382 3089 ep.
1398 3048 1504 3088 1911.)
