2540 3496
307 343 367 373 612

338 431 442 458 Datum
463 424 648 459 Avenione.

380 640 416 666 49
433 647 499 673 aug).
519 638 608 665 4327.

366 684 430 718 (xiv
452 682 511 709 Ital.
531 681 621 716 sept.)

439 728 469 754 T.
492 727 547 754 XX.

453 853 487 880 Ut
507 862 531 879 s.

389 898 420 925 T.
439 899 511 932 Xlll,
530 899 586 925 XV.

450 1067 486 1096 Ut
506 1076 530 1096 s.

400 1113 430 1140 T.
449 1114 495 1147 xi,
510 1114 582 1140 xm.

449 1283 485 1311 Ut
506 1292 528 1311 s.

394 1328 427 1357 T.
447 1329 494 1362 XI,
511 1329 583 1357 XIII.

440 1554 475 1581 L't
492 1562 515 1581 s.
533 1555 541 1574 ¹

393 1599 424 1625 T.
446 1598 492 1631 XI,
511 1599 582 1625 XIII.

372 1715 413 1751 20
429 1723 495 1750 augy.
514 1716 604 1743 1327.

360 1760 429 1795 (xm
450 1760 508 1787 kal.
531 1762 618 1795 sept.)

427 1805 457 1832 T.
474 1806 554 1832 XXX.

447 2093 483 2120 Ut
504 2102 527 2120 s.

392 2137 425 2167 T.
442 2139 489 2172 xl,
509 2138 580 2166 xm.

450 2255 483 2282 Ui
499 2263 522 2280 s.

448 2414 483 2443 Ut
501 2423 524 2441 s.

437 2459 468 2488 T.
490 2459 536 2487 ΧΙ.

450 2685 486 2712 Ut
504 2693 529 2713 s,

433 2730 464 2756 T.
484 2729 538 2757 XI..

448 2847 482 2875 Ut
503 2856 526 2874 s.

406 2893 438 2919 T.
456 2893 488 2925 X,
507 2893 565 2919 xii.

711 335 886 367 JOANNIS
911 333 1028 364 PAI’AE
1051 331 1153 362 XXII.
1177 332 1430 371 <ww-1:334).
1454 346 1492 351 --
1515 328 1702 359 LITTERAE
1726 327 1952 359 COMMUNES

739 527 831 558 soliti
854 525 932 567 gub.
956 525 1133 556 Brixinen.
1162 523 1222 561 di„
1242 532 1281 554 ac
1309 531 1398 563 mag.
1427 521 1609 554 Ambrosio
1631 521 1672 553 de
1690 521 1893 559 Mediolano,
1919 529 1992 552 can.
2020 521 2248 554 Mediolanen.
2269 521 2350 553 eccl.

738 581 790 620 (A.
809 582 860 617 28,
881 580 903 611 f.
921 580 982 611 260
997 584 1026 615 ²3
1050 578 1085 610 V.
1102 579 1153 616 84,
1171 587 1224 617 ep.
1241 578 1348 615 2746.)
1851 605 1852 609 ,

782 630 919 662 29532.
937 650 976 655 -—
993 632 1047 673 Ep
1063 642 1080 662 ο
1100 630 1330 667 θοηειαηίἱεη.,
1343 634 1372 660 et
1384 629 1512 660 Alberto
1529 629 1612 660 dicto
1626 628 1786 660 Sehenlcen
1801 627 1838 659 de
1858 627 2048 669 Piqenburq,
2067 628 2296 665 Constantien„
2316 638 2352 659 ac

736 698 817 728 may.
835 687 998 718 Ambrosio
1015 686 1053 716 de
1074 684 1267 721 Mediolano,
1285 683 1493 715 Mediolanen.
1509 682 1582 714 eccl.
1598 682 1765 720 canonicis,
1783 683 1897 714 mand.
1919 691 1981 723 pro
1997 682 2190 723 receptione
2205 682 2351 719 Ursulae,

738 744 824 773 natae
842 741 997 781 praedicti
1019 739 1214 772 &Vilhelmh
1235 738 1358 778 puellae
1375 738 1548 775 litteratae,
1566 737 1601 768 in
1626 736 1826 768 monacham
1848 737 1993 768 monast.
2013 736 2049 767 in
2067 736 2352 777 Munsterlingen,

737 796 835 827 dictae
850 795 910 832 di..
931 794 995 825 sub
1013 802 1095 825 cura
1113 793 1184 824 ord.
1204 793 1242 824 P.
1263 791 1456 824 existentis.
1471 791 1524 832 (A.
1543 792 1594 826 28.
1613 791 1637 822 f.
1649 791 1708 822 261
1728 795 1755 828 ⁸;
1781 789 1818 822 V.
1836 791 1887 827 84,
1905 798 1958 829 ep.
1976 791 2083 829 2758.)

782 846 921 879 29533.
940 865 976 870 ——
995 847 1112 882 Ulm'co,
1129 851 1202 877 nato
1215 845 1361 887 praedicti
1390 844 1557 880 Willielmi,
1578 845 1618 876 de
1637 844 1749 875 soluta
1765 846 1798 876 et
1813 843 1961 884 quadam
1978 843 2122 876 moniali
2139 844 2264 884 genito,
2281 843 2352 876 col-

736 904 819 935 latio
836 912 955 934 canon.
974 902 1038 933 sub
1061 910 1156 940 exsp.
1177 900 1296 940 praeb.,
1315 909 1352 930 ac
1367 899 1475 939 dign„
1491 899 1696 939 personatus
1715 897 1769 929 vel
1789 898 1844 930 off.
1860 907 1888 929 c.
1906 906 1935 929 c.
1952 898 2007 930 vei
2025 906 2053 929 s.
2070 906 2099 929 c.
2117 897 2199 929 eccl.
2220 898 2353 930 Lutem-

735 958 865 994 bacen,
882 956 1044 989 Basiiien.
1063 956 1124 991 cli..
1139 963 1216 986 cum
1232 945 1386 993 dispens.
1404 961 1508 994 super
1525 952 1657 984 defectu
1674 951 1852 983 natalium.
1865 968 1904 974 —
1919 952 1946 983 1.
1962 960 1991 983 e.
2010 960 2055 983 m.
2067 950 2217 992 praefatis
2231 951 2352 991 judici—

735 1011 801 1043 bus
816 1009 1066 1042 executoribus.
1085 1009 1138 1049 (A.
1160 1009 1212 1045 28,
1230 1007 1252 1039 f.
1272 1009 1333 1039 210
1346 1013 1375 1044 ³,
1399 1007 1435 1038 V.
1453 1009 1504 1043 84,
1521 1015 1573 1046 ep.
1593 1006 1701 1045 2776.)

780 1061 920 1095 29534.
940 1082 977 1086 —
993 1062 1127 1103 Siffi-ido
1145 1061 1182 1092 de
1198 1061 1408 1093 Franckenow
1427 1060 1565 1092 collatio
1586 1068 1705 1091 canon.
1723 1058 1788 1090 sub
1804 1067 1902 1099 exsp.
1928 1057 2030 1099 praeb.
2057 1058 2140 1090 eccl.
2160 1057 2352 1090 Nuembur·

735 1119 868 1159 gensis;
888 1127 954 1149 non
970 1117 1057 1148 obst.
1075 1115 1212 1156 paroch.
1230 1115 1310 1147 eccl.
1330 1114 1364 1146 in
1383 1114 1568 1149 Ludenow,
1586 1112 1840 1144 wratislavien.
1854 1112 1900 1143 di.
1918 1130 1957 1136 -—
1971 1112 2000 1143 Ι.
2018 1120 2048 1144 e.
2065 1120 2112 1144 m.
2129 1120 2206 1153 ep.o
2225 1111 2355 1144 Merse-

735 1173 890 1213 hurgen.,
911 1173 944 1203 et
959 1180 1061 1212 praep.
1080 1170 1239 1207 Misnen.‚
1259 1178 1296 1200 ac
1313 1177 1400 1209 mag.
1419 1168 1562 1199 Nicolao
1580 1167 1620 1198 de
1643 1167 1786 1204 mactis,
1805 1166 1867 1197 litt.
1891 1167 1999 1207 apost.
2016 1165 2212 1198 correctori.
2230 1165 2283 1205 (A.
2298 1166 2351 1204 28,
2374 1193 2379 1196 .

704 1227 705 1235 ’
736 1228 759 1258 f.
777 1229 836 1258 346
854 1226 882 1263 ¹³,
908 1225 940 1256 V.
957 1227 1010 1261 84,
1024 1234 1076 1265 ep.
1095 1225 1200 1262 2988.)

782 1277 918 1310 29535.
937 1299 974 1303 --
998 1279 1143 1316 Nicolao,
1163 1282 1237 1308 nato
1254 1276 1381 1308 Nicolai
1404 1275 1442 1306 de
1465 1274 1657 1313 MecIu‘wede,
1675 1274 1750 1305 cler.
1768 1274 1900 1305 Misnen.
1921 1273 1979 1312 di„
1994 1273 2105 1315 gratia
2123 1282 2221 1313 exsp.
2238 1273 2350 1320 lzenef.

735 1335 924 1367 ecclesiast.
942 1335 983 1374 (c.
1005 1343 1032 1364 c.
1050 1333 1102 1364 vel
1118 1342 1146 1363 s.
1164 1341 1191 1364 c.
1211 1333 1248 1363 10
1274 1330 1399 1362 march.
1417 1329 1562 1370 argenti)
1585 1329 1627 1360 ad
1649 1328 1725 1360 abb.
1745 1329 1778 1360 et
1800 1337 1895 1360 conv.
1920 1327 2120 1359 monasterii
2142 1327 2183 1359 de
2201 1326 2354 1368 Antiqua

735 1390 840 1425 Cella,
857 1389 998 1421 Cisterc..
1023 1387 1109 1424 ord.‚
1131 1386 1285 1426 ejusdem
1305 1385 1366 1422 di„
1390 1384 1653 1424 disposilionem
1677 1382 1802 1422 pertin.
1818 1400 1858 1404 —
1877 1382 1903 1413 Ι.
1922 1390 1950 1413 e.
1969 1390 2014 1413 m.
2038 1389 2142 1422 praep.
2168 1380 2352 1413 Wratisla-

734 1444 838 1479 vien.,
866 1444 897 1474 et
926 1442 1107 1474 scolastico
1125 1440 1337 1480 Glogovien.‚
1353 1437 1614 1470 Wratislavien.
1636 1437 1697 1473 di.‚
1721 1445 1758 1468 ac
1780 1436 1923 1468 Nicolao
1947 1436 1988 1467 de
2004 1435 2138 1467 Fractis
2156 1434 2227 1475 jam
2243 1434 2353 1467 dIcto.

736 1498 787 1536 (Α.
803 1499 855 1532 28,
874 1497 896 1528 f.
915 1498 975 1527 340
991 1496 1019 1532 1);
1042 1495 1080 1526 V.
1098 1496 1150 1532 84,
1170 1494 1347 1534 ep.·3000.)
1916 1484 1918 1488 ’

780 1548 916 1580 29536.
933 1567 970 1572 —-
993 1549 1171 1581 Bassanino
1187 1547 1224 1578 de
1244 1548 1387 1584 Cassian,
1402 1546 1439 1577 de
1454 1545 1570 1582 Laude,
1589 1554 1683 1585 prov.
1709 1552 1828 1575 canon.
1845 1543 1910 1574 sub
1934 1552 2031 1583 exsp.
2048 1542 2151 1584 praeb.
2173 1542 2255 1574 eccl.
2275 1542 2353 1574 Cre-

702 1629 704 1634 ,
735 1605 922 1637 moriensis.
940 1622 978 1627 ——
990 1605 1029 1635 In
1056 1612 1085 1634 e.
1101 1612 1146 1634 m.
1166 1611 1242 1642 ep.o
1258 1601 1469 1635 Florentino,
1487 1601 1520 1630 et
1536 1599 1700 1639 magistro
1713 1598 1837 1629 Joanni
1854 1598 1894 1628 de
1910 1597 2045 1635 Trebis,
2062 1597 2244 1628 Marsican.
2266 1596 2350 1628 eccl.

734 1669 822 1695 can,
838 1668 875 1690 ac
892 1659 981 1689 dicto
995 1657 1138 1689 Nicolao
1152 1656 1193 1687 de
1209 1655 1353 1687 Fractis.
1371 1655 1425 1693 (A.
1441 1655 1493 1689 28,
1512 1653 1535 1683 f.
1554 1655 1614 1684 359
1630 1651 1660 1689 b3
1685 1651 1716 1681 V.
1739 1653 1791 1688 84,
1809 1660 1863 1691 ep.
1881 1650 1989 1690 3019.)

781 1710 917 1742 29537.
938 1731 975 1735 —
1003 1711 1145 1742 Gorzien.
1169 1714 1197 1740 et
1217 1708 1428 1745 castellionis,
1454 1707 1567 1737 Meten.
1583 1711 1612 1737 et
1633 1706 1660 1736 Τ
1657 1716 1792 1743 reveren.
1816 1705 1875 1742 di„
1901 1704 2160 1735 monasteriorum
2177 1703 2351 1740 abbatibuae,

735 1777 770 1797 ac
788 1765 961 1797 Tlceobaldo
980 1765 1015 1795 de
1038 1763 1260 1804 Numineneyo,
1280 1772 1348 1792 can.
1368 1761 1495 1799 Metam,
1519 1762 1633 1792 notum
1652 1760 1688 1791 fit
1713 1760 1888 1791 decretum
1905 1767 1966 1798 per
1992 1758 2083 1798 quod
2098 1757 2212 1790 collat.
2230 1765 2351 1790 canon.

735 1822 767 1852 et
783 1821 884 1860 praeb.
905 1819 984 1851 eccl.
1004 1817 1167 1849 Metensis
1183 1825 1242 1856 per
1258 1816 1419 1855 resignat.
1438 1814 1583 1847 Renaldi
1602 1814 1642 1844 de
1660 1813 1777 1845 Laudo
1793 1813 1833 1843 de
1850 1812 2027 1843 Placentia
2041 1820 2113 1843 vac.
2131 1810 2220 1843 facta
2235 1810 2352 1843 favore

734 1875 872 1906 Thomae
889 1874 929 1904 de
947 1873 1120 1911 Sivereyo‚
1137 1870 1251 1902 clerIci
1269 1869 1494 1900 Treverensis
1512 1868 1571 1904 di„
1587 1867 1726 1907 perinde
1748 1865 1861 1897 valere
1875 1865 1973 1897 debet
1991 1873 2030 1896 ac
2047 1865 2077 1896 si
2089 1864 2225 1905 paroch.
2245 1863 2353 1897 eccle-

734 1929 804 1959 sias
820 1928 861 1959 de
875 1927 1104 1965 Rothelanges
1122 1926 1154 1956 et
1169 1925 1210 1955 de
1228 1922 1418 1960 mese-hies,
1437 1923 1560 1954 Meten.
1577 1921 1638 1959 di.,
1656 1929 1742 1961 quas
1766 1928 1826 1960 per
1842 1928 1949 1951 annos
1965 1919 2096 1959 aliquot
2114 1918 2220 1950 simul
2235 1920 2353 1951 tenue-

734 1984 785 2013 rat
801 1983 841 2013 ad
854 1990 970 2012 sacros
982 1981 1120 2011 ordines
1134 1987 1200 2009 non
1216 1978 1404 2018 promotus,
1417 1976 1557 2007 realiter
1569 1975 1773 2006 dimisisset.
1788 1973 1840 2013 (A.
1856 1974 1907 2011 28,
1921 1973 1945 2005 f.
1960 1974 2019 2005 126
2030 1972 2060 2010 '³;
2077 1971 2112 2004 V.
2124 1973 2175 2009 84,
2188 1981 2241 2013 ep.
2251 1972 2352 2010 258&

701 2057 703 2070 ι
733 2035 932 2074 Sauerland,
952 2033 1078 2072 Ouellen
1090 2031 1399 2072 zurlotlzrinyisclten
1417 2029 1606 2067 Geschichte,
1623 2031 1648 2060 t.
1668 2029 1694 2066 I,
1712 2037 1743 2068 p.
1761 2029 1834 2065 250,
1854 2036 1888 2059 n.
1907 2027 1995 2067 531.)

701 2111 703 2114 .
780 2087 915 2118 29538.
935 2107 971 2111 -
990 2087 1161 2119 Guillermo
1178 2086 1214 2117 de
1232 2086 1318 2116 Fuaeo
1341 2085 1479 2116 collatio
1497 2083 1632 2124 paroch.
1650 2081 1862 2114 ecclesiaerde
1879 2080 2043 2117 neovilla,
2059 2079 2350 2120 Xanctonen.ldi.,

701 2157 703 2172 ÷
734 2154 793 2184 per
811 2144 942 2175 obitum
960 2142 1103 2174 Joannis
1118 2141 1158 2172 de
1178 2140 1343 2180 Ageduno
1361 2148 1414 2178 ap.
1433 2139 1467 2170 S.
1487 2139 1527 2169 A.
1546 2137 1697 2169 defuncti
1716 2145 1786 2167 vac.
1803 2154 1841 2158 —
1859 2135 1886 2166 I.
1907 2144 1936 2166 e.
1955 2143 2000 2165 m.
2020 2134 2300 2174 Carpentoraten.
2316 2134 2352 2166 et

700 2217 702 2227 2
734 2197 989 2238 Engolismensi
1007 2197 1107 2236 epis.
1123 2196 1225 2235 atque
1241 2194 1368 2225 archid.
1389 2191 1595 2233 Urgellensi.
1615 2191 1668 2230 (A.
1686 2191 1736 2228 28,
1760 2190 1781 2220 f.
1799 2190 1857 2221 146
1872 2195 1900 2226 ³;
1925 2187 1960 2219 V.
1977 2189 2029 2225 84,
2047 2196 2101 2227 ep.
2118 2187 2229 2227 2614.)

779 2249 915 2281 29539.
936 2268 973 2272 -
990 2250 1083 2280 Petro
1099 2249 1237 2286 Juniori,
1256 2252 1328 2278 nato
1344 2247 1491 2278 Joanneti
1505 2245 1542 2277 de
1562 2245 1673 2286 Cupis,
1692 2253 1787 2284 prov.
1804 2251 1924 2275 canon.
1946 2242 2010 2274 sub
2026 2250 2123 2282 exsp.
2144 2240 2248 2282 praeb.
2265 2241 2348 2274 eccl.

734 2306 965 2338 Carnotensis.
984 2323 1021 2327 —
1036 2305 1063 2335 1.
1079 2313 1108 2335 e.
1125 2312 1171 2334 m.
1187 2302 1263 2333 abb.
1282 2302 1427 2332 monast.
1445 2310 1472 2331 s.
1491 2299 1584 2331 Petri
1600 2299 1635 2330 in
1652 2298 1750 2330 Valle
1764 2297 1959 2333 Carnoten„
1974 2298 2005 2327 et
2020 2296 2149 2327 decano
2163 2294 2349 2335 Parisien.,

733 2370 770 2391 ac
787 2360 914 2391 archid.
937 2358 1150 2394 Graciacen.,
1166 2355 1394 2388 Bituricensis
1412 2354 1492 2386 eccl.
1514 2354 1569 2394 (A.
1587 2354 1637 2391 28,
1661 2352 1684 2384 f.
1704 2353 1762 2383 182
1779 2356 1807 2387 ⁸3
1830 2350 1868 2382 V.
1884 2352 1936 2388 84,
1955 2359 2008 2390 ep.
2025 2348 2136 2389 2667.)

777 2411 918 2444 29540.
937 2430 972 2435 -—
991 2412 1177 2444 Avinionen.
1195 2416 1221 2440 et
1237 2410 1350 2450 Iteqen.
1367 2408 1558 2450 praepositis,
1577 2417 1612 2437 ac
1628 2404 1788 2437 Bernardo
1804 2404 1841 2436 de
1860 2403 2016 2440 camiaco,
2034 2412 2103 2434 can.
2124 2402 2245 2434 Albien.
2262 2401 2349 2440 eccl„

699 2452 701 2473 Ε
732 2468 845 2500 mand.
863 2476 922 2507 pro
940 2466 1053 2498 collat.
1069 2464 1245 2497 Galvanho
1263 2463 1386 2495 Rabeti
1403 2471 1522 2493 canon.
1548 2463 1581 2493 et
1604 2460 1768 2500 operariae
1790 2459 1845 2490 cui
1869 2456 1974 2498 praeb.
1998 2458 2050 2489 est
2068 2465 2201 2488 annexa
2216 2456 2298 2488 eccl.
2317 2465 2348 2488 s.

732 2522 900 2562 Agricolae
917 2521 1142 2555 Avenionen.,
1160 2527 1220 2558 per
1235 2518 1366 2549 obitum
1381 2516 1524 2548 Joannis
1542 2516 1582 2546 de
1600 2514 1714 2546 Garda
1730 2512 1820 2553 apud
1835 2512 1868 2544 S.
1888 2512 1927 2543 A.
1945 2510 2098 2542 defuncti
2115 2518 2205 2547 vac-3
2223 2518 2344 2544 canon.

732 2585 812 2607 vero
832 2577 865 2607 et
887 2574 990 2615 praeb.
1012 2583 1086 2614 quae
1109 2574 1143 2604 in
1161 2573 1252 2603 dicta
1277 2571 1357 2603 eccl.
1386 2570 1517 2602 obtinet
1535 2569 1708 2600 dimittere
1732 2567 1879 2599 tenetur.
1908 2565 1961 2604 (A.
1986 2566 2037 2602 28,
2063 2564 2086 2595 f.
2110 2565 2169 2596 187
2185 2569 2217 2600 ⁸3
2244 2563 2276 2595 V.
2294 2564 2348 2602 84,

779 2653 785 2660 .
802 2631 894 2661 2693.

732 2631 918 2713 ep2854l).
940 2699 979 2704 -—
995 2681 1139 2711 Decanus
1153 2679 1328 2716 pictaven„
1344 2677 1465 2709 archid.
1482 2677 1655 2708 Biturieen.
1673 2679 1702 2706 et
1715 2678 1825 2705 cantor
1840 2672 2071 2714 Petraqoricen.
2088 2670 2161 2703 eccl.
2176 2671 2300 2703 dantur
2311 2673 2348 2703 ut

728 2737 863 2778 judices
879 2735 1135 2767 conservatores
1151 2734 1192 2765 ad
1206 2733 1480 2773 quinquennium
1497 2731 1598 2762 Petro
1614 2738 1691 2770 epo
1708 2727 1922 2760 Carnotensi.
1937 2727 1990 2766 (A.
2006 2727 2060 2764 26,
2077 2725 2100 2757 f.
2119 2726 2177 2758 197
2192 2724 2226 2762 b;
2242 2724 2279 2756 V.
2295 2725 2348 2760 8⁴,

732 2791 914 2874 θρὲὶῗὶὲοὶέξ).
931 2862 969 2866 -
988 2843 1082 2873 Petro
1097 2841 1135 2872 de
1148 2841 1237 2877 Solo,
1254 2842 1330 2872 nato
1347 2839 1440 2871 Petri
1458 2839 1498 2870 de
1516 2837 1595 2870 Solo
1611 2836 1804 2877 chirurgici,
1819 2835 1930 2875 gratia
1943 2843 2039 2874 exsp.
2058 2841 2177 2865 canon.
2192 2833 2225 2864 et
2242 2830 2347 2872 praeb.

699 2911 702 2964 ’γ
732 2898 813 2930 eccl.
835 2907 863 2930 s.
889 2897 1057 2937 Agricolae
1087 2895 1348 2931 Avenionensis‚
1371 2902 1432 2934 per
1454 2892 1705 2923 assecutionem
1729 2879 1849 2921 canon.
1871 2891 1904 2920 et
1927 2887 2030 2929 praeb.
2061 2889 2161 2927 atque
2184 2885 2350 2926 operariae

699 2966 701 3000 4
733 2952 886 2993 ejusdem
904 2951 984 2983 eccl.
1005 2960 1024 2982 a
1039 2948 1215 2982 Galvanho
1233 2947 1355 2980 Rabcli
1378 2947 1566 2978 faciendam
1583 2946 1618 2976 in
1635 2944 1732 2976 brevi
1749 2944 2002 2979 vacaturorum,
2018 2940 2150 2973 consid.
2166 2938 2348 2972 Bertrandi

763 3071 787 3094 1.
807 3070 877 3100 ch.
898 3069 966 3093 Yat.
983 3077 1013 3091 z
1026 3074 1054 3091 iv
1072 3066 1138 3091 idus
1157 3064 1311 3090 februarii.
