2540 3496
0 1929 22 1954 z.-
0 1306 30 1896 ζεὲψῌῖῒᾝῦτψῆᾞῖᾘΰᾶῑῒωᾞέᾞψ
0 1210 21 1298 W
0 1075 20 1206 W
0 1058 15 1067 ἠ
0 1011 13 1038 τ’
0 979 7 998 2⁴

225 413 331 440 Datum
349 406 534 441 Avenione.

270 729 309 756 29
326 732 380 756 oct.
401 727 488 756 1325.

271 775 314 807 (iv
332 773 391 800 kal.
409 773 490 807 nov.)

289 818 319 845 T.
338 818 384 852 XI,
400 818 472 844 XIII.

339 888 375 916 Ut
390 897 413 915 s.

303 931 334 959 T.
356 932 453 959 XVIII.

336 993 371 1021 Ut
389 1002 414 1020 s.

285 1038 316 1064 T.
334 1038 380 1072 XI,
396 1038 468 1066 XIII.

334 1205 369 1234 Ut
388 1214 411 1233 s.

275 1251 306 1278 T.
329 1251 375 1285 xi,
397 1251 469 1278 XIII.

332 1526 367 1553 Ut
387 1534 410 1554 s.

309 1571 340 1598 T.
363 1571 432 1598 XVI.

334 1634 369 1662 Ut
385 1642 409 1661 s.

269 1678 301 1705 T.
319 1678 378 1712 XII,
398 1678 472 1707 XIV.

317 2706 351 2734 Ut
373 2715 397 2734 s.

259 2751 290 2778 T.
309 2751 369 2786 XII,
386 2751 455 2779 XIV.

323 2975 359 3002 Ut
374 2983 399 3003 s.

259 3019 290 3047 T.
313 3020 372 3053 XII,
393 3020 462 3047 XIV.

588 320 764 351 JOANNIS
789 320 908 350 PAPAE
931 320 1032 351 XXII.
1058 320 1308 358 (1316-1334).
1333 336 1371 342 ——
1395 319 1581 349 IATTERAE
1605 319 1831 350 COMMUNES
2197 322 2237 351 29

624 511 800 551 pensione,
816 511 897 542 dum
917 511 1014 546 vixit,
1032 511 1190 546 obtinuit,
1209 510 1250 541 ab
1267 510 1353 541 eisd.
1372 510 1448 541 abb.
1471 512 1503 541 et
1517 519 1612 541 conv.
1633 510 1720 542 facta
1739 510 1854 542 favore
1871 510 2039 542 Amanevi
2057 510 2098 541 de
2119 510 2237 541 Lasin-

625 565 717 600 liaco,
729 565 810 596 cler.
828 566 988 596 Vasaten.
1003 565 1061 600 di„
1078 564 1143 596 sub
1161 567 1252 595 certa
1267 573 1379 595 annua
1396 564 1559 604 pensione
1578 564 1690 603 quoad
1707 563 1850 601 vixerit;
1864 563 2081 595 inhibebatur
2098 572 2150 600 ne,
2163 564 2238 595 eod.

625 621 799 650 Amauevo
824 619 962 650 cedente
984 619 1037 649 vel
1062 619 1244 650 decedente
1272 627 1332 649 seu
1350 618 1518 649 decimam
1541 618 1736 649 dimittente
1762 618 1970 657 praedictam,
1995 619 2092 649 extra
2116 626 2239 648 manus

625 673 776 712 ipsorum
796 673 906 703 eamd.
926 672 1092 703 decimam
1114 672 1353 712 quoquomodo
1376 674 1550 711 ponerent.
1569 672 1618 709 (A.
1637 673 1687 707 24,
1708 671 1732 703 f.
1750 673 1809 703 132
1824 671 1852 708 ¹⁹5
1876 671 1909 703 V.
1926 673 1978 708 80,
1995 680 2047 711 ep.
2069 673 2153 709 131.)

671 723 810 756 23669.
827 744 865 748 -
882 725 1009 756 Alberlo
1031 730 1104 756 nalo
1129 725 1243 767 quand.
1265 725 1423 757 Guillelmi
1447 725 1574 756 Barosii
1595 725 1630 755 de
1646 725 1763 756 Parma
1788 734 1883 766 prov.
1911 733 2031 756 canon.
2054 724 2118 756 sub
2140 733 2237 764 exsp.

625 779 729 820 praeb.
748 779 829 811 eccl.
855 789 883 810 s.
908 780 1046 811 'l'liomae
1070 780 1289 819 Argentinen.
1309 796 1347 802 —
1362 780 1389 810 I.
1410 788 1438 810 e.
1460 788 1505 810 m.
1524 779 1651 810 decano
1667 781 1699 810 et
1719 779 1869 810 thesaur.
1893 779 1974 810 eccl.
2000 779 2238 819 Argentinen.,

625 843 663 864 ac
683 842 771 873 mag.
792 833 919 864 Jacobo
937 834 978 864 de
995 834 1137 870 Mutina,
1158 842 1231 864 can.
1252 834 1469 864 Cameracen-
1489 833 1570 863 eccl.
1589 833 1641 871 (A.
1658 835 1709 870 24,
1728 833 1750 864 f.
1772 835 1830 865 168
1845 839 1873 870 ’ς
1899 832 1931 863 V.
1951 834 2002 870 80,
2021 841 2074 873 ep.
2093 834 2178 871 201.)

670 884 810 916 23670,
828 904 866 909 -
885 886 1020 916 Gnidoni
1037 886 1074 916 el.
1101 886 1309 926 Coi-isopiten.
1336 888 1538 926 prorogatur
1564 887 1605 917 ad
1632 896 1738 918 unum
1762 895 1901 924 annum,
1930 896 1950 918 a
1971 887 2059 918 festo
2085 887 2240 918 omnium

624 940 659 972 S.
676 940 709 971 S.
730 940 1008 979 computandum,
1026 941 1161 979 tempus
1177 939 1364 978 recipiendi
1381 942 1569 971 consecrat.
1588 940 1639 980 (A.
1658 941 1709 975 24,
1728 940 1752 971 f.
1773 942 1832 972 180
1845 946 1873 975 ²;
1898 940 1933 971 V.
1951 941 2002 977 80,
2019 949 2071 980 ep.
2091 940 2179 979 217.)

669 990 808 1022 23671.
832 1009 871 1016 --
888 992 1007 1022 loanni
1024 991 1158 1022 Arnoldi
1181 991 1218 1022 de
1245 991 1365 1022 Arlmvo
1384 1001 1480 1031 prov.
1501 1001 1619 1023 canon.
1645 994 1708 1023 sub
1725 1003 1821 1033 exsp.
1848 994 1952 1033 praeb.
1981 993 2063 1025 eccl.
2088 993 2237 1031 Tullen.,

623 1046 753 1077 consid.
768 1046 911 1077 Joannis
928 1045 1019 1085 regis
1036 1045 1224 1082 Bohemiae;
1238 1054 1304 1076 non
1321 1044 1409 1076 obst.
1427 1047 1579 1085 pastoria
1598 1056 1658 1077 seu
1672 1048 1789 1077 curata
1805 1048 1886 1078 eccl.
1905 1047 1945 1078 de
1962 1047 2237 1088 Hondeldingen,

622 1100 806 1131 Treveren.
826 1099 873 1130 di.
892 1116 932 1122 -
956 1099 983 1130 1.
1011 1108 1039 1130 e.
1062 1108 1107 1129 m.
1126 1107 1203 1138 ep.o
1228 1099 1388 1138 Pragen.‚
1407 1101 1439 1130 et
1455 1100 1493 1130 B.
1515 1100 1559 1130 M.
1581 1100 1886 1140 Lueembourgen„
1910 1101 2093 1132 Treveren.
2119 1101 2180 1137 di.,
2200 1111 2238 1133 ac

623 1162 650 1184 S.
669 1153 839 1184 Mansueti
855 1155 952 1184 extra
970 1161 1087 1183 muros
1104 1152 1239 1184 Tullen.
1257 1153 1403 1183 monast.
1421 1151 1603 1183 abbatibus
1617 1153 1733 1193 (Α.24,
1745 1154 1768 1184 f.
1781 1154 1839 1185 204
1860 1159 1889 1191 ·;
1913 1154 1948 1185 V.
1961 1155 2013 1191 80,
2025 1163 2077 1194 ep.
2097 1156 2182 1193 255.)

668 1204 807 1236 23672.
827 1224 865 1229 —
882 1205 1007 1236 Marino
1021 1211 1094 1236 nato
1110 1205 1235 1236 Matkaei
1251 1205 1385 1237 Gerar-di
1401 1205 1437 1236 de
1453 1205 1569 1236 Esculo
1585 1206 1723 1238 collatio
1741 1207 1922 1238 clericatus
1936 1207 2016 1238 eccl.
2028 1216 2056 1240 s,
2068 1208 2238 1240 Leonardi

622 1260 656 1291 in
676 1259 779 1291 Porta
799 1268 940 1291 romana
954 1259 1114 1291 Esculan.
1130 1259 1194 1290 sub
1208 1268 1304 1299 exsp.
1323 1268 1419 1299 perp.
1433 1259 1544 1290 benef.
1562 1259 1655 1290 soliti
1674 1260 1786 1300 ipsius
1802 1261 1884 1292 eccl.
1898 1260 2033 1292 clericis
2049 1261 2235 1302 assignari;

622 1323 688 1346 non
703 1313 792 1345 obst.
809 1314 900 1354 quod
916 1314 951 1344 in
968 1322 995 1345 s.
1014 1313 1170 1351 Joannis,
1190 1322 1218 1345 s.
1237 1313 1345 1344 Blasii
1361 1315 1394 1344 et
1409 1322 1437 1344 s.
1454 1313 1632 1345 Michaelis
1648 1314 1742 1350 eccl..
1763 1314 1923 1346 Esculan.
1941 1315 2035 1346 civit.
2052 1317 2085 1346 et
2101 1315 2160 1351 di.,
2176 1315 2234 1347 be-

621 1368 801 1400 neficiatus
817 1368 955 1405 existat,
976 1368 1017 1399 de
1034 1367 1160 1407 quibus
1176 1366 1336 1398 omnibus
1351 1367 1503 1399 valorfm
1520 1368 1538 1398 3
1553 1367 1626 1399 tlor.
1642 1368 1729 1405 auri,
1749 1368 1837 1399 sicut
1855 1369 1992 1406 asserit,
2010 1377 2078 1400 non
2091 1370 2237 1409 percipit

621 1422 810 1454 annuatim.
825 1440 862 1444 —
884 1421 910 1452 Ι.
932 1430 961 1453 e.
983 1430 1027 1452 m.
1046 1430 1122 1461 ep.o
1137 1421 1341 1460 Florentia,
1359 1422 1392 1452 et
1413 1421 1519 1461 priori
1539 1430 1568 1452 s.
1583 1421 1721 1453 Thomae
1736 1422 1911 1460 Esculan.‚
1929 1431 1967 1453 ac
1989 1422 2117 1454 archid.
2134 1423 2237 1455 Esou-

620 1476 690 1507 lan.
709 1476 763 1515 (A.
785 1477 836 1513 24,
857 1475 880 1507 f.
897 1477 957 1507 259
974 1480 1003 1512 η
1025 1475 1060 1506 V.
1074 1476 1126 1513 80,
1143 1483 1196 1515 ep.
1211 1476 1300 1514 376.)

665 1526 805 1559 23673.
825 1547 862 1552 -
879 1529 1089 1560 Reservatur
1106 1528 1266 1568 disposit.
1285 1529 1395 1568 apost.
1415 1528 1541 1560 ruralis
1557 1529 1638 1560 eccl.
1659 1538 1687 1560 s.
1706 1529 1850 1561 Andreae
1867 1530 1908 1561 de
1925 1530 2160 1568 Abolhanicis‚
2182 1532 2237 1564 Bi-

620 1586 744 1615 terren.
758 1583 818 1619 di.,
842 1591 944 1623 quam
966 1583 1090 1614 Petrus
1106 1583 1147 1613 de
1169 1582 1367 1614 Montadino
1383 1591 1472 1613 nunc
1490 1582 1631 1614 obtinet.
1650 1584 1703 1623 (A.
1719 1584 1770 1620 24,
1791 1584 1813 1614 f.
1833 1585 1888 1615 271
1907 1589 1936 1620 ·;
1959 1583 1992 1615 V.
2010 1586 2062 1622 80,
2084 1593 2136 1624 ep.
2150 1587 2236 1623 413.)

664 1633 803 1666 23674.
822 1653 858 1658 -
875 1635 1040 1666 Guillelmo
1059 1635 1215 1673 Pan-leon,
1231 1635 1312 1667 cler.
1328 1636 1472 1667 Joannis
1488 1636 1579 1676 regis
1598 1636 1778 1671 Bohemiae.
1793 1637 1930 1669 collatio
1944 1646 2063 1669 canon.
2082 1639 2114 1669 et
2130 1639 2234 1679 praeb.

619 1690 701 1721 eccl.
719 1699 746 1721 s.
766 1690 902 1721 Paulini
919 1692 1015 1720 extra
1036 1698 1153 1721 muros
1178 1690 1360 1721 Treveren.
1380 1699 1450 1720 vac.
1468 1699 1528 1729 per
1549 1690 1679 1721 obitum
1704 1691 1795 1730 apud
1812 1691 1844 1722 S.
1861 1691 1902 1722 A.
1921 1700 2010 1730 mag.
2033 1692 2172 1723 Henrici
2195 1693 2236 1724 de

619 1744 741 1781 Herle3
761 1752 827 1775 non
847 1743 935 1774 obst.
953 1752 1071 1774 canon.
1101 1743 1181 1774 eccl.
1208 1742 1393 1775 Abrincen.
1412 1743 1475 1774 sub
1492 1752 1589 1783 exsp.
1609 1744 1726 1784 praeb.,
1754 1753 1791 1775 ac
1812 1745 1920 1785 dign.‚
1940 1747 2157 1785 personatus,
2180 1747 2233 1778 off.

619 1797 673 1828 vel
686 1797 798 1828 benef.
816 1807 843 1828 c.
860 1806 887 1827 c.
904 1797 957 1828 vel
971 1806 998 1828 s.
1020 1806 1047 1828 c.
1066 1815 1104 1819 —
1122 1797 1147 1827 1.
1167 1806 1195 1828 e.
1215 1805 1259 1827 m.
1278 1806 1354 1836 ep.o
1374 1798 1530 1836 Pragen.,
1544 1800 1576 1828 et
1593 1798 1721 1828 archid.
1737 1799 1973 1835 Treverensis,
1984 1808 2021 1830 ac
2039 1799 2235 1839 primicerio

619 1851 809 1883 Virdunen.
825 1851 906 1882 eccl.
928 1851 979 1887 (A.
998 1852 1049 1886 24,
1068 1850 1091 1881 s.
1105 1852 1164 1881 427
1181 1856 1209 1886 ·;
1234 1850 1270 1882 V.
1289 1851 1340 1888 80,
1357 1859 1410 1890 ep.
1428 1852 1516 1890 783.)

665 1902 802 1934 23875.
820 1922 858 1927 —
880 1904 1096 1935 Constantien.
1123 1908 1150 1934 et
1173 1904 1380 1944 Arqentinen.
1398 1905 1477 1945 φάε
1498 1905 1612 1935 mand.
1632 1907 1680 1942 ut,
1699 1905 1727 1936 si
1747 1905 1831 1936 utile
1856 1905 1943 1945 ipsis
1959 1906 2143 1944 videbitur,
2164 1915 2234 1938 mo-

618 1959 769 1990 nasterio
797 1958 915 1997 Augiae
942 1958 1095 1997 majoris,
1114 1958 1156 1988 ad
1183 1958 1224 1989 R.
1244 1958 1280 1989 Ε.
1304 1958 1399 1989 nullo
1426 1958 1539 1989 medio
1566 1959 1703 1998 pertin,
1723 1958 1762 1990 O.
1780 1959 1814 1991 S.
1830 1959 1882 1996 B.,
1907 1959 2141 1991 Constantien.
2171 1961 2232 1998 di.,

618 2012 736 2043 uniant
754 2011 888 2051 paroch.
907 2012 988 2043 eccl.
1005 2012 1039 2042 in
1058 2012 1169 2048 Ulnia,
1188 2012 1285 2043 dictae
1302 2012 1362 2048 di.,
1381 2012 1414 2042 in
1431 2021 1497 2052 qua
1516 2014 1662 2043 monast.
1682 2013 1795 2052 ipsum
1810 2013 1868 2052 jus
1884 2015 2085 2052 patronatus
2103 2013 2233 2046 obtinet

616 2067 671 2107 (60
688 2066 814 2097 march.
827 2067 926 2106 arg.);
940 2065 1070 2096 consid.
1087 2075 1118 2096 n.
1131 2075 1160 2096 v.
1179 2066 1323 2105 Lupotdi
1336 2066 1432 2096 ducis
1449 2066 1599 2097 Austriae
1609 2067 1641 2096 et
1656 2066 1768 2097 Stiriae
1783 2067 1971 2098 asserentis
1987 2067 2077 2107 quod
2095 2067 2130 2098 in
2141 2067 2231 2099 dicto

616 2121 762 2151 monast.
782 2127 917 2158 semper
943 2119 1080 2150 fuerunt
1099 2122 1131 2150 et
1152 2121 1231 2150 sunt
1248 2118 1403 2150 monachi
1420 2119 1461 2150 de
1481 2119 1676 2150 illustribus
1692 2121 1725 2150 et
1748 2119 1923 2151 nobilibus
1939 2121 2120 2160 procreati,
2143 2121 2230 2161 ipse-

615 2182 681 2213 que
699 2173 767 2203 dux
786 2172 851 2203 eid.
871 2174 1016 2203 monast.
1035 2172 1150 2203 debito
1171 2172 1392 2212 gratitudinis
1408 2172 1589 2212 obligatur.
1606 2173 1710 2204 Multa
1725 2173 1816 2204 euim
1829 2174 2018 2205 servitiain
2035 2174 2233 2206 hominibus

614 2226 791 2257 bellicosis
815 2227 848 2257 et
870 2226 950 2256 aliis
968 2225 1071 2257 rebus
1094 2226 1167 2257 suis
1185 2226 1251 2256 eid.
1274 2226 1364 2263 duci,
1391 2226 1573 2257 obsistenti
1599 2226 1773 2258 Ludovico
1796 2227 1874 2258 duci
1898 2228 2049 2259 Bavariae
2065 2230 2098 2259 et
2118 2229 2232 2268 ipsum

614 2281 718 2311 etiam
740 2279 965 2318 impugnanti,
982 2279 1110 2310 dudum
1128 2282 1273 2310 monast.
1289 2280 1400 2319 ipsum
1415 2279 1593 2319 impendit,
1611 2282 1751 2320 propter
1765 2289 1840 2320 qua‘
1854 2281 1888 2312 in
1905 2281 2021 2312 odium
2042 2281 2153 2321 ipsius
2166 2282 2230 2313 Lu-

614 2333 707 2374 poldi
730 2332 933 2364 melioribus
953 2333 1232 2372 possessionibus
1250 2336 1282 2364 et
1301 2333 1400 2364 bonis
1416 2343 1491 2373 quae
1507 2333 1607 2364 habet
1624 2334 1658 2364 in
1676 2334 1777 2366 terris
1794 2334 1998 2374 complicum
2013 2338 2045 2366 et
2059 2335 2231 2367 fautorum

614 2387 695 2418 dicti
711 2387 808 2418 ducis
832 2387 984 2418 Bavariae
1002 2387 1187 2426 spoliatum
1209 2387 1340 2424 extitit;
1362 2395 1476 2418 comes
1494 2396 1630 2427 quoque
1648 2387 1689 2418 de
1713 2388 1927 2429 Fustenberg
1942 2388 2100 2420 abbatem
2118 2389 2230 2429 ipsius

613 2441 813 2472 monasterii
830 2440 865 2471 in
885 2441 1031 2480 quadam
1049 2441 1132 2471 villa
1148 2441 1238 2480 cepit
1255 2443 1287 2471 et
1305 2442 1441 2480 captum
1458 2441 1568 2472 tenuit
1584 2450 1762 2481 quousque
1777 2442 1844 2481 ipsi
1859 2444 1892 2473 et
1906 2442 1981 2473 suis
1999 2443 2059 2474 400
2075 2443 2230 2474 marchas

612 2503 682 2535 arg.
702 2503 763 2534 pro
777 2503 839 2525 sua
851 2494 1055 2525 liberatione
1072 2494 1307 2534 persolvisset,
1325 2503 1363 2525 ac
1377 2503 1455 2525 eum
1470 2496 1502 2525 et
1517 2495 1609 2526 tilios
1625 2503 1707 2526 suos
1724 2495 1914 2527 infeudavit
1928 2496 2031 2527 certis
2046 2496 2147 2528 bonis
2160 2506 2229 2528 mo-

611 2551 699 2579 nast.
718 2548 894 2585 antedicti,
910 2550 1050 2588 propter
1067 2556 1142 2588 quae
1158 2548 1339 2579 facultates
1358 2549 1540 2579 attenuatae
1557 2550 1590 2580 et
1607 2549 1762 2579 redditus
1773 2549 1882 2589 ejusd.
1899 2551 2047 2581 monast.
2065 2550 2228 2582 diminuti

611 2604 702 2633 sunt.
722 2603 777 2642 (A.
803 2603 854 2639 24,
875 2602 897 2633 f.
915 2603 976 2633 423
996 2607 1024 2638 ³5
1047 2601 1083 2632 V.
1100 2603 1152 2639 80,
1168 2610 1220 2641 ep.
1240 2603 1316 2639 7983
1346 2602 1535 2639 HauvHIer,
1559 2601 1713 2633 Analecta
1739 2603 1992 2643 Arqentinensia,
2016 2605 2041 2635 t.
2069 2604 2095 2642 1,
2121 2613 2154 2635 n.
2175 2606 2227 2642 72,

611 2665 643 2696 p.
662 2657 702 2686 88
718 2656 728 2695 )

654 2706 793 2738 23676.
810 2727 848 2732 —
863 2709 978 2741 Joanni
994 2709 1032 2740 de
1057 2708 1267 2746 Deicustodia,
1290 2718 1364 2740 can.
1387 2709 1576 2741 Virdunen.
1604 2710 1699 2747 eccl„
1717 2710 1840 2742 indult.
1859 2712 1908 2748 ut,
1924 2710 2117 2743 insistendo
2142 2720 2175 2743 n.
2193 2720 2223 2743 V.

609 2762 783 2799 Edwardi,
802 2762 999 2794 Barriducis
1015 2763 1163 2800 comitis,
1178 2762 1369 2803 obsequiis,
1387 2763 1517 2795 fructus
1535 2764 1689 2794 omnium
1706 2763 1818 2795 benef.
1837 2773 1978 2795 suorum
1998 2765 2128 2805 integre
2149 2773 2226 2804 per-

609 2816 711 2855 cipiat
728 2815 856 2856 absque
873 2816 1072 2854 residentia,
1086 2815 1129 2847 ad
1141 2815 1389 2847 triennium.—
1401 2817 1428 2848 I.
1445 2825 1473 2848 e.
1492 2825 1536 2847 m.
1549 2825 1578 2848 s.
1590 2817 1690 2848 Pauli
1709 2817 1896 2848 Virdunen.
1909 2818 1991 2849 etde
2003 2827 2031 2849 s.
2047 2818 2224 2855 Michaele,

609 2869 797 2901 Virdunen.
825 2870 885 2905 di.,
913 2871 1058 2901 monast.
1077 2869 1166 2905 abb..
1194 2879 1232 2901 ac
1252 2870 1426 2902 Widerico
1450 2870 1491 2901 de
1516 2870 1700 2910 Tuylleyo,
1726 2880 1799 2902 can.
1829 2871 1964 2902 Tullen.
1992 2871 2073 2902 eccl.
2099 2871 2152 2911 (A.
2173 2873 2224 2909 24,

610 2922 633 2954 f.
655 2924 715 2955 568
728 2928 757 2960 ι;
779 2923 815 2955 V.
835 2924 887 2960 80,
902 2932 955 2963 ep.
976 2925 1080 2962 1138.)

655 2973 795 3006 23677.
813 2994 853 3000 -
873 2976 1009 3017 AEqidio
1031 2977 1068 3008 de
1085 2977 1264 3013 But-monte,
1280 2986 1353 3009 can.
1372 2977 1574 3014 Virdunen.,
1591 2978 1705 3009 simile
1729 2977 1910 3008 indultum.
1927 2996 1966 3001 —
1983 2978 2010 3008 1.
2027 2986 2056 3009 e.
2074 2987 2119 3010 m.
2140 2980 2176 3010 ut
2194 2987 2224 3012 s,

610 3028 649 3059 A.
665 3030 716 3067 24,
733 3030 755 3062 f.
775 3031 837 3062 568
855 3035 884 3068 ⁸3
907 3031 941 3062 V.
957 3032 1008 3068 80,
1024 3039 1077 3071 ep.
1095 3031 1202 3070 1139.)
