2540 3496
184 434 288 461 Datum
313 427 490 461 Avenione.

177 646 213 674 u
226 646 259 680 (ιι
272 644 324 680 id.)
340 648 394 672 oct.
412 644 500 672 1326.

221 716 223 718 ,
238 691 285 718 Gr.
300 698 352 725 pro
369 690 435 717 Deo.

299 964 336 991 Ut
356 971 380 991 ε.

240 1009 287 1037 Gr.
302 1017 353 1044 pro
367 1009 434 1036 Deo.

298 1498 335 1526 Ut
355 1507 379 1526 s.

244 1543 274 1571 T.
289 1543 349 1576 XII,
364 1543 435 1570 XIV.

196 1927 233 1955 ιε
247 1927 381 1962 aa.)0en
406 1925 493 1954 1326.

270 1971 439 1999 rxxiv.¹

553 340 727 371 JOANNIS
752 341 870 372 PAPAE
892 342 994 372 XXII.
1019 343 1267 381 (1316-1334).
1289 360 1328 365 —
1351 342 1536 372 LITTERAE
1560 342 1784 373 COMMUNES
2117 345 2177 374 337

581 532 706 563 decano
726 541 752 562 s.
768 532 929 571 Stephani
948 533 988 563 de
1006 533 1156 564 Tescone
1174 532 1430 569 Montisalhan„
1445 534 1477 564 et
1496 534 1646 565 sacristae
1661 534 1803 574 Regen.,
1818 543 1855 565 ac
1873 533 2035 565 Eliziario
2052 534 2091 565 de
2110 534 2179 566 Vil-

579 585 712 622 lanova,
732 594 804 615 can.
823 586 1030 624 Forojulien.
1050 586 1130 617 eccl.
1147 586 1198 624 (A.
1215 587 1264 623 26,
1279 586 1302 616 f.
1321 587 1381 617 312
1396 591 1423 623 ³;
1449 586 1481 616 V.
1498 587 1549 624 82,
1567 596 1619 626 ep.
1632 589 1718 626 416.)
1908 619 1913 623 a

627 635 763 667 26724.
786 654 825 660 -
842 638 930 678 Epo
949 638 1097 669 Tervisin.
1123 639 1236 670 mand.
1254 641 1291 670 ut
1308 639 1489 679 compellat
1510 640 1632 671 fratres
1647 640 1826 680 hospitalis
1846 650 1874 672 s.
1890 641 2032 672 ,Ioannis
2047 642 2180 672 Jeroso-

579 691 728 722 limitani
746 691 780 721 in
800 691 963 722 suburbio
981 701 1008 722 s.
1027 692 1215 729 Thomasii,
1233 692 1383 723 civitatis
1401 693 1599 730 Tervisinae,
1618 694 1790 733 degentes,
1808 702 1849 725 ne
1867 694 2055 734 impediant
2074 703 2180 734 popu-

579 744 652 775 lum
678 745 710 774 et
736 752 914 774 commune
931 745 1099 775 Tervisin.
1118 745 1301 784 quominus
1324 746 1528 776 reaedificent
1550 746 1660 778 locum
1689 747 1833 779 fratrum
1850 748 2089 783 Armenorum‚
2108 748 2179 779 ord.

580 806 608 829 s.
634 797 768 833 Basilii,
796 798 936 836 propter
957 806 1097 836 guerras
1125 800 1158 829 et
1183 807 1381 838 aggressum
1408 800 1628 830 commissum
1658 809 1718 839 per
1739 801 1865 832 Canem
1882 801 1923 832 de
1944 802 1992 832 La
2012 801 2121 836 Scala,
2140 801 2181 832 de

580 851 727 887 Verona,
744 852 861 881 contra
879 850 1052 881 civitatem
1067 851 1274 889 praedictam,
1293 860 1402 891 usque
1421 853 1461 882 ad
1480 853 1694 891 superficiem
1710 856 1807 885 terrae
1823 854 1922 893 jussu
1939 855 2130 886 communis
2150 857 2182 886 et

580 904 699 944 populi
718 903 938 943 praefatorum
953 903 1166 934 demolitum.
1186 905 1237 941 (A.
1262 905 1314 942 26,
1334 904 1357 935 f.
1379 906 1438 935 132
1454 910 1481 941 ⁵3
1496 905 1536 936 -V.
1558 907 1608 942 82,
1627 914 1680 945 ep.
1699 908 1763 946 76.)

626 954 765 987 26725.
791 974 831 980 —
854 956 941 998 Epo
961 956 1111 987 Paduano
1129 958 1240 988 mand.
1256 959 1292 988 ut
1306 958 1487 997 compellat
1507 958 1628 990 fratres
1643 960 1825 1000 hospitalis
1846 969 1873 991 s.
1889 961 2030 992 Joannis
2047 962 2181 993 Jeroso-

580 1010 729 1042 limitani
755 1010 788 1040 in
813 1009 976 1041 suburbio
998 1010 1090 1041 civit.
1120 1010 1288 1042 Paduanae
1310 1011 1469 1050 degentes
1495 1020 1535 1042 ne
1558 1013 1679 1043 fratres
1705 1013 1884 1049 Armenos‚
1903 1014 1973 1045 ord.
1997 1023 2023 1045 s.
2047 1014 2181 1052 Basilii,

580 1064 769 1104 impediant
783 1063 969 1103 quominus
983 1064 1114 1102 possint
1133 1063 1168 1093 in
1183 1072 1300 1094 eorum
1318 1064 1473 1100 ecclesia,
1493 1064 1528 1094 in
1546 1066 1620 1096 eod.
1641 1065 1807 1097 suburbio
1826 1066 1890 1097 sub
1910 1067 2073 1099 vocabulo
2087 1068 2120 1099 S.
2137 1068 2181 1099 M.

579 1118 764 1150 Nazarenae
790 1118 995 1154 constructa,
1020 1117 1146 1147 missas
1167 1117 1269 1148 etiam
1289 1117 1488 1148 solemniter
1508 1118 1691 1156 celebrare,
1718 1128 1756 1150 ac
1784 1120 1935 1151 volentes
1957 1120 2042 1151 inibi
2066 1121 2183 1152 audire

581 1171 698 1202 divina
715 1171 757 1202 ad
771 1179 810 1202 ea
828 1170 990 1210 recipere,
1016 1179 1216 1209 campanam
1232 1170 1390 1210 congruis
1407 1170 1499 1201 horis
1516 1171 1665 1210 pulsare,
1684 1172 1902 1212 volentesque
1920 1173 1954 1204 in
1971 1173 2091 1205 diebus
2109 1174 2183 1205 sab-

580 1224 709 1256 batinis
731 1225 767 1255 in
788 1224 879 1255 dicta
901 1223 1045 1255 ecclesia
1059 1224 1239 1254 convenire
1256 1224 1297 1254 ad
1314 1224 1521 1254 audiendum
1539 1224 1680 1255 missam
1703 1226 1859 1257 Dominae
1874 1228 1996 1258 nostrae
2013 1236 2114 1266 quam
2134 1236 2184 1258 or-

582 1278 775 1309 dinaverint
803 1277 914 1309 facere
932 1277 967 1308 in
989 1277 1079 1308 dicta
1101 1277 1255 1316 ipsorum
1280 1277 1425 1308 fratrum
1447 1278 1676 1308 Armenorum
1698 1279 1842 1310 ecclesia
1855 1279 2030 1317 celebrari,
2047 1281 2088 1311 ad
2106 1281 2185 1312 illas

583 1332 763 1363 admittere
779 1333 812 1363 et
831 1332 866 1362 in
882 1330 1014 1368 diebus,
1032 1330 1156 1371 quibus
1173 1339 1237 1361 non
1255 1331 1306 1362 est
1322 1332 1522 1362 consuetum
1538 1331 1572 1361 in
1586 1332 1838 1370 parochialibus
1855 1333 1935 1363 eccl.
1954 1334 2097 1373 proponi
2113 1343 2186 1365 ver-

581 1386 666 1417 bum
682 1386 758 1422 Dei,
777 1385 865 1416 illud
882 1384 1023 1416 verbum
1038 1384 1182 1424 proponi
1200 1384 1309 1415 facere
1324 1384 1359 1414 in
1373 1384 1526 1423 ipsorum
1540 1385 1682 1416 ecclesia
1699 1385 1887 1424 praelibata.
1903 1385 1953 1421 (Α.
1971 1388 2021 1423 26,
2039 1387 2053 1416 f
2083 1389 2139 1418 133
2154 1392 2184 1425 ὃς

588 1439 625 1471 V.
638 1441 691 1473 82.
708 1448 761 1478 ep.
778 1440 842 1477 77.)

628 1490 765 1523 26726.
786 1510 824 1515 -
844 1492 927 1532 May.
945 1490 1089 1522 Bolando
1103 1491 1140 1521 de
1155 1491 1346 1531 Scarampis,
1363 1500 1397 1522 u.
1413 1491 1438 1531 j.
1456 1491 1598 1527 doctori,
1616 1500 1710 1530 prov.
1725 1500 1842 1523 canon.
1863 1492 1943 1523 eccl.
1958 1493 2187 1524 vercellensis

583 1547 647 1578 sub
661 1555 758 1586 exsp.
776 1546 891 1586 praeb.‚
907 1546 1013 1585 dign.,
1026 1553 1087 1576 seu
1103 1547 1307 1585 personatus
1322 1545 1376 1576 vel
1394 1545 1448 1575 off.
1468 1553 1495 1575 c.
1513 1554 1540 1575 c.
1558 1545 1610 1576 vel
1627 1554 1654 1574 s.
1669 1554 1714 1581 c.;
1727 1554 1794 1576 non
1806 1545 1892 1577 obst.
1911 1546 1945 1576 in
1957 1546 2037 1577 eccl.
2050 1547 2188 1577 Astensi

583 1609 702 1633 canon.
721 1603 753 1631 et
769 1599 886 1639 praeb,
908 1608 946 1630 ac
964 1599 1129 1630 decanatu
1147 1599 1252 1629 rurali
1270 1598 1310 1629 de
1332 1598 1470 1638 Alingio
1489 1607 1516 1628 c.
1536 1607 1577 1635 c.,
1602 1598 1837 1630 Gebennensis
1854 1599 1912 1634 di.‚
1932 1607 2032 1638 quem
2051 1599 2187 1639 quidam

583 1654 724 1691 nobum,
752 1662 819 1684 non
834 1652 922 1684 obst.
941 1652 1055 1683 tribus
1073 1651 1253 1683 sententiis
1275 1652 1392 1682 contra
1412 1660 1489 1683 eum
1510 1652 1544 1682 in
1561 1652 1715 1683 Romana
1734 1652 1829 1683 curia
1846 1652 1937 1686 latis,
1953 1653 2081 1683 detinet
2095 1661 2188 1684 occu-

584 1710 713 1748 patum,
732 1716 901 1747 quemque
918 1707 1090 1738 dimittere
1109 1707 1244 1737 tenetur
1262 1706 1292 1736 si
1307 1714 1382 1736 cum
1400 1705 1524 1741 officio,
1541 1705 1629 1744 quod
1646 1705 1761 1745 vigore
1780 1706 1998 1745 praesentium
2014 1707 2190 1737 assecutus

515 1789 523 1797 .
585 1762 699 1799 fuerit,
715 1761 864 1800 compati
882 1769 949 1791 non
964 1760 1084 1799 possit.
1105 1776 1143 1782 —
1160 1760 1186 1790 I.
1204 1768 1233 1790 e.
1250 1768 1296 1790 m.
1316 1767 1391 1798 ep.o
1408 1759 1560 1796 Astensi‚
1580 1761 1612 1790 et
1636 1759 1762 1790 Bosolo
1780 1759 1820 1790 de
1836 1760 1971 1796 Parma,
1990 1760 2188 1797 Tornacen.,

585 1825 623 1847 ac
640 1815 767 1847 ,Iacobo
782 1815 822 1846 de
839 1814 980 1848 Mutina,
1000 1814 1217 1845 Cameracen,
1234 1822 1307 1844 can.
1330 1813 1423 1849 ecel„
1440 1813 1540 1852 Papae
1557 1813 1755 1852 capellanis.
1775 1812 1829 1852 (A.
1849 1814 1899 1850 26,
1918 1813 1940 1843 f.
1960 1814 2018 1845 146
2038 1818 2066 1850 ²;
2085 1813 2120 1844 V.
2138 1814 2189 1851 82,

584 1870 743 1910 ep.104)

631 1919 770 1952 26727.
792 1940 830 1944 -
857 1921 991 1952 Waltero
1007 1920 1165 1961 archiep.o
1179 1919 1382 1951 cantuarien.
1400 1928 1492 1950 conc.
1514 1921 1549 1950 ut
1564 1929 1635 1950 xvn
1655 1920 1944 1959 suffraganeorum
1958 1928 2098 1951 suorum
2113 1920 2191 1951 dioe-

587 1985 694 2014 ceses,
714 1966 790 2015 quae'
803 1975 1010 2006 visitationis
1026 1974 1139 2005 officio
1157 1974 1272 2004 minus
1289 1973 1452 2013 indigent,
1465 1973 1553 2004 sicut
1572 1973 1639 2013 ipsi
1656 1973 1838 2011 videbitur,
1855 1973 1961 2005 semel
1982 1974 2123 2005 visitare
2141 1982 2193 2005 va-

587 2030 666 2065 leat,
684 2030 784 2069 juxta
802 2029 947 2059 sormam
965 2027 1089 2059 indulti
1105 2027 1172 2067 ipsi
1188 2027 1316 2058 dudum
1330 2035 1390 2066 per
1406 2027 1443 2058 P.
1461 2027 1499 2058 P.
1517 2027 1682 2063 concessi,
1698 2036 1773 2058 cum
1789 2027 1897 2067 aliqui
1912 2036 1954 2058 ex
1972 2027 2193 2067 suffraganeis

588 2083 766 2115 antedictiS
787 2090 931 2122 quorum
945 2081 1107 2113 dioeceses
1121 2081 1270 2112 nondum
1288 2081 1433 2112 visitatae
1450 2080 1598 2115 fuerunt,
1618 2080 1834 2112 visitationes
1852 2080 2047 2120 hujusmodi
2066 2081 2194 2112 subter·

589 2137 706 2176 fugere
729 2137 935 2176 satagentes,
959 2144 997 2165 ac
1022 2135 1133 2166 eidem
1150 2135 1283 2166 indulto
1307 2143 1342 2165 se
1361 2134 1400 2166 de
1418 2134 1507 2165 facto
1530 2134 1713 2165 molientes
1735 2143 1918 2174 opponere,
1934 2137 2088 2165 asserant
2106 2134 2194 2173 quod

590 2191 672 2222 ordo
690 2189 901 2221 visitationis
930 2188 1138 2228 hujusmodi,
1161 2188 1269 2228 ejusd.
1294 2187 1456 2228 archiep.i
1478 2187 1677 2219 discretioni
1701 2188 1906 2219 commissus
1928 2187 2026 2227 juxta
2044 2190 2194 2219 tenorem

592 2245 702 2285 ipsius
718 2244 855 2278 indulti,
874 2243 915 2274 ad
929 2242 1009 2274 boni
1025 2243 1090 2273 viri
1108 2242 1288 2273 arbitrium
1304 2241 1560 2281 restringendus
1581 2241 1637 2278 sit,
1656 2241 1746 2281 quod
1761 2241 1918 2272 videlicet
1936 2241 2098 2281 quamdiu
2116 2241 2195 2272 dioe-

590 2306 698 2333 ceses,
722 2297 831 2338 magis
854 2296 1063 2328 visitationis
1084 2295 1196 2327 officio
1221 2295 1425 2335 indigentes,
1447 2295 1626 2326 visitandae
1647 2296 1758 2332 erunt,
1786 2294 1938 2334 reliquas
1957 2294 2119 2326 dioeceses
2138 2304 2193 2326 ne-

594 2360 764 2391 quaquam
783 2351 923 2382 visitare
938 2350 1059 2389 possit.
1079 2349 1132 2389 (A.
1147 2351 1198 2386 25,
1218 2349 1241 2380 f.
1257 2350 1316 2380 537
1332 2349 1362 2386 ὓς
1384 2348 1416 2380 V.
1435 2350 1485 2384 82,
1504 2357 1556 2388 ep.
1573 2349 1638 2388 82.)

640 2402 776 2434 26728.
801 2423 838 2427 -
865 2403 979 2434 Eidem
1004 2403 1148 2435 facultas
1176 2402 1381 2434 concedendi
1398 2402 1504 2442 priori
1529 2403 1561 2433 et
1576 2396 1724 2442 capitulo
1746 2402 1826 2433 eccl.
1852 2411 1921 2433 suae
1940 2402 2196 2434 Cantuariensis

592 2467 697 2490 unum
722 2458 894 2490 modicum
923 2457 1185 2497 receptaculum,
1203 2458 1360 2487 vocatum
1384 2456 1594 2493 Caldecotes‚
1609 2455 1706 2495 juxta
1727 2455 1897 2487 civitatem
1917 2456 2196 2487 Cantuariensem

594 2513 770 2550 situatum,
795 2521 872 2543 cum
898 2511 1044 2551 quadam
1063 2511 1155 2542 terra
1177 2510 1287 2542 eidem
1312 2509 1496 2550 adjacente,
1528 2511 1579 2547 (10
1602 2509 1661 2540 lib.
1687 2509 1954 2549 sterlingorum).
1978 2509 2019 2540 ad
2045 2517 2197 2540 mensam

595 2575 694 2598 suam
710 2566 828 2605 spect.,
849 2565 939 2605 quod
954 2565 1058 2607 prior,
1073 2565 1174 2604 capit.
1192 2566 1225 2595 et
1242 2572 1332 2595 mon.
1347 2563 1444 2595 dictae
1455 2563 1549 2600 eccl..
1567 2564 1602 2594 ut
1618 2562 1744 2594 ibidem
1760 2564 1898 2602 propter
1913 2562 1978 2594 loci
1990 2562 2197 2593 vicinitatem

596 2620 742 2651 recreari
758 2619 905 2655 valeant,
923 2618 1069 2650 multum
1087 2618 1242 2649 affectant
1255 2626 1315 2657 per
1330 2617 1445 2657 ipsum
1460 2617 1668 2656 archiep.um
1688 2616 1755 2647 sihi
1772 2616 1920 2648 concedi.
1939 2616 1990 2655 (A.
2010 2617 2060 2650 26,
2078 2615 2099 2645 f.
2114 2616 2151 2646 72
2167 2614 2196 2651 ῦς

602 2673 638 2704 V.
657 2674 708 2710 82,
726 2682 779 2712 ep.
798 2674 863 2711 83.)

639 2724 778 2757 26729.
801 2745 839 2750 —
856 2725 1027 2767 Archiep.o
1046 2725 1197 2767 lspalen„
1216 2730 1244 2755 et
1269 2724 1388 2756 archid.
1405 2724 1533 2761 Xerz'cii,
1552 2734 1586 2754 ac
1605 2724 1726 2754 cantori
1751 2723 1821 2754 eccl.
1842 2722 2016 2763 Ispalensis.
2033 2722 2200 2761 Exposuit

597 2780 797 2821 Alphonsus
822 2789 882 2811 rex
899 2780 1057 2811 Castellae
1075 2779 1164 2819 quod
1181 2779 1215 2810 in
1234 2779 1314 2810 eccl.
1341 2778 1522 2817 Ispalensi,
1540 2778 1578 2808 B.
1605 2778 1649 2808 M.
1669 2776 1822 2817 Virginis
1844 2775 2006 2808 vocabulo
2024 2775 2198 2815 insignita,

601 2835 709 2866 multa
729 2842 837 2873 nuper
854 2833 1026 2866 Altissimi
1044 2833 1184 2864 dextera
1198 2831 1371 2863 mirabilia
1389 2833 1561 2871 operante,
1581 2831 1734 2870 quaedam
1750 2829 1894 2861 societas
1908 2828 2082 2859 hominum
2101 2828 2199 2859 armi·

602 2896 772 2928 gerorum,
787 2887 821 2919 S.
839 2887 883 2918 M.
901 2887 954 2918 del
969 2887 1060 2917 Pilar
1075 2886 1220 2918 societas
1238 2887 1441 2924 nuncupata,
1460 2885 1575 2915 contra
1590 2885 1764 2923 Agarenos
1780 2882 1893 2913 extitit
1913 2882 2077 2918 ordinata,
2097 2882 2200 2921 quod-

604 2950 668 2981 que
687 2940 733 2971 id.
750 2949 812 2972 rex
837 2942 869 2971 et
885 2941 966 2972 2000
985 2940 1134 2971 militum
1151 2940 1252 2979 atque
1267 2938 1368 2974 ultra,
1387 2938 1421 2968 in
1436 2939 1468 2968 et
1485 2938 1526 2968 de
1542 2937 1659 2968 eadem
1677 2935 1848 2972 societate,
1869 2936 1977 2966 certas
1994 2934 2109 2974 galeas
2125 2943 2202 2965 cum

606 2993 764 3034 gentibus
785 2993 958 3034 armisque
978 2994 1012 3024 in
1031 2993 1130 3030 mari,
1152 2994 1184 3024 et
1201 2992 1330 3023 milites
1349 2993 1496 3022 armatos
1518 2991 1586 3029 Jam
1603 2990 1738 3028 paratos
1757 2989 1883 3019 tenent.
1901 2987 2010 3024 Quare
2034 2987 2123 3018 idem
2141 2996 2203 3018 rex

601 3048 849 3088 indulgentias,
869 3056 953 3088 quas
971 3047 1004 3078 S.
1022 3047 1063 3077 A.
1084 3047 1118 3077 in
1137 3047 1234 3077 terrae
1252 3046 1375 3076 sanctae
1394 3043 1587 3075 subsidium
1607 3041 1844 3073 accedentibus
1862 3041 2042 3072 concedere
2063 3049 2201 3071 consue-

311 3101 461 3130 JOANNIS
477 3102 561 3131 xx11.
585 3117 617 3122 -
637 3102 667 3132 Τ.
691 3102 739 3130 VI.
2028 3094 2064 3122 43
