2540 3496
284 296 346 326 510

317 384 422 411 Datum
439 379 626 412 Avenione.

303 731 305 734 ¹
357 700 394 727 21
413 706 474 733 apr.
497 697 582 725 1327.

354 744 396 776 (xi
413 743 470 770 kal.
490 741 585 775 maii.)

430 912 464 939 [t
482 920 506 939 s.

429 1072 463 1100 Ut
484 1080 507 1099 s.

427 1235 464 1262 Ut
484 1243 507 1262 s.

373 1280 405 1308 T.
424 1280 472 1313 XI,
488 1279 561 1307 XIII.

426 1450 462 1478 Ut
482 1459 506 1478 s.

327 1495 360 1522 T.
376 1495 411 1522 xl
428 1495 470 1529 ¹l2,
487 1495 549 1522 XIII
568 1496 609 1529 ¹l2·

426 1826 461 1853 Ut
481 1835 505 1853 s.

375 1870 405 1897 T.
422 1870 468 1904 XI,
484 1870 556 1897 XIII.

428 2092 464 2120 Ut
485 2101 508 2121 s.

372 2139 402 2165 T.
424 2138 469 2172 XI,
484 2138 556 2165 XIII.

422 2307 458 2334 Ut
481 2315 506 2335 s.

371 2352 401 2379 T.
424 2353 470 2387 xl,
491 2352 564 2379 x111.

425 2520 460 2548 Ut
481 2529 505 2548 s.

413 2565 443 2592 T.
462 2565 519 2593 XX.

429 2788 464 2816 Ut
480 2797 503 2816 s.

686 289 860 322 JOANNIS
883 289 1002 320 PAPAE
1025 288 1127 319 XXII.
1152 289 1403 330 (1316-1334).
1425 307 1463 313 -
1487 289 1675 320 LITTERAE
1697 262 1925 321 COMMUNISS

714 479 889 510 Nicosien.
907 479 940 509 et
956 477 1106 517 Paphen.
1125 477 1185 515 di.,
1208 478 1245 508 ut
1267 477 1416 508 matrim.
1441 477 1640 509 contrahere
1662 478 1797 518 possint
1819 478 1900 510 licet
1921 487 1964 510 ex
1989 478 2137 512 diversis
2160 479 2328 512 lateribus

715 537 768 562 ιιιο
780 534 812 563 et
823 536 871 561 1v0
883 530 1103 571 consanguin.
1118 530 1282 571 gradibus
1293 531 1335 562 ad
1346 531 1493 563 invicem
1506 540 1543 563 se
1557 532 1765 572 contingant,
1780 541 1857 564 cum
1870 531 2004 565 nobiles
2015 533 2098 566 dicti
2108 534 2217 575 regni,
2228 542 2328 574 prop-

714 588 766 617 ter
793 585 887 624 regni
912 584 1166 620 arctitudinem‚
1187 584 1271 616 adeo
1297 584 1449 616 existant
1471 586 1767 626 consanguinitate
1789 586 1960 627 conjuncti
1986 587 2077 627 quod
2103 587 2162 619 vix
2185 587 2330 628 possunt

716 639 845 678 absque
862 638 1017 678 dispens.
1029 639 1144 678 apost.
1162 638 1463 670 matrimonialiter
1479 639 1645 679 copulari.
1666 639 1720 679 (V.
1736 641 1789 678 83,
1807 649 1861 681 ep.
1881 641 1986 682 1625.)

760 689 900 722 28469.
919 710 957 715 -
973 691 1109 722 Hem-ico
1125 695 1199 722 nato
1218 691 1379 723 Eberardi
1396 692 1434 723 de
1452 692 1556 731 Milin,
1575 693 1654 732 mil„
1670 702 1767 734 prov.
1784 703 1904 726 canon.
1923 693 1988 726 sub
2008 703 2102 735 exsp.
2121 693 2226 735 praeb.
2247 694 2328 726 eccl.

715 746 940 786 Ratisponen.
956 762 994 768 —
1011 746 1037 777 I.
1055 755 1084 777 e.
1108 754 1154 777 m.
1182 745 1218 777 in
1235 746 1476 778 Waltsachsen
1498 749 1531 779 et
1550 747 1586 779 in
1607 747 1760 788 pigavia,
1778 748 2004 789 Ratisponen.
2023 750 2056 781 et
2075 747 2328 789 Merseburgen.

715 799 775 837 di.,
794 801 940 831 monast.
955 798 1047 836 abb„
1066 808 1104 830 ac
1118 799 1247 832 Jacobo
1263 800 1303 832 de
1322 800 1426 836 Attis,
1443 801 1484 832 de
1499 801 1642 838 Mutina,
1658 810 1731 833 can.
1749 802 1983 841 cameracen„
1999 802 2100 843 Papae
2117 811 2192 843 cap.
2209 801 2262 843 (V.
2278 802 2331 838 83,

715 862 766 894 ep.
785 853 889 894 1634.)
1898 866 1903 870 ·

761 905 900 938 28470.
917 925 956 931 —-
970 907 1087 939 Joanni
1100 907 1137 938 de
1150 907 1277 943 Dresen,
1294 916 1367 940 can.
1383 908 1464 940 eccl.
1484 908 1751 950 Nuemburgen„
1768 909 1896 942 similis
1910 910 2020 951 gratia
2035 910 2071 942 in
2087 910 2169 943 eccl.
2184 910 2330 942 Misnen.

716 980 753 985 —-
769 963 796 993 Ι.
813 971 842 993 e.
861 971 904 993 m.
921 962 956 993 in
976 962 1118 1002 Pigavia
1133 963 1166 993 et
1183 962 1218 993 in
1238 962 1435 1002 Kempnitz,
1450 962 1705 1004 Merseburgen.
1726 967 1759 995 et
1777 963 1924 996 Misnen.
1943 964 2004 1002 di.,
2021 965 2168 996 monast.
2185 963 2276 1001 abb..
2294 972 2332 996 ac

714 1015 841 1047 Jacobo
859 1015 1068 1056 supradicto.
1084 1015 1139 1055 (V.
1154 1017 1206 1052 83,
1223 1024 1277 1056 ep.
1293 1016 1400 1056 1635.)

762 1066 899 1099 28471.
919 1087 958 1093 --
977 1069 1125 1101 Conrado
1138 1069 1176 1100 de
1194 1069 1265 1101 Cice
1282 1070 1410 1101 similis
1428 1070 1538 1111 gratia
1549 1071 1586 1102 in
1603 1071 1684 1103 eccl.
1702 1072 1738 1105 S.
1754 1072 1800 1104 M.
1821 1072 1857 1103 in
1875 1072 2046 1109 Erfordia,
2063 1071 2251 1113 Maguntin.
2266 1071 2312 1103 di.
2319 1079 2331 1108 ;

715 1133 782 1156 non
801 1123 886 1155 obst.
903 1124 938 1155 in
952 1124 1032 1155 eccl.
1048 1123 1260 1162 Biberacen.‚
1274 1123 1372 1156 dictae
1383 1124 1444 1161 di.,
1456 1133 1574 1156 canon.
1591 1124 1655 1156 sub
1669 1133 1766 1166 exsp.
1780 1125 1885 1166 praeb.
1903 1127 1936 1157 et
1949 1134 2044 1166 perp.
2057 1125 2186 1158 vicaria
2200 1125 2236 1157 in
2249 1125 2330 1158 eccl.

716 1178 854 1219 Cycen„
873 1178 1127 1217 Nuemburgen.
1144 1178 1190 1210 di.
1209 1177 1286 1209 -1.
1307 1187 1337 1210 e.
1355 1186 1401 1209 m.
1421 1180 1459 1210 ut
1474 1187 1502 1210 s.
1521 1178 1576 1218 (V.
1589 1179 1641 1217 83,
1660 1187 1713 1220 ep.
1733 1181 1837 1218 1636.)

760 1229 900 1262 28472.
920 1249 957 1254 -
974 1231 1091 1263 ,Ιοανιηί
1107 1231 1144 1262 de
1166 1231 1270 1268 Milin,
1287 1236 1362 1263 nato
1384 1232 1497 1274 quond.
1517 1232 1699 1264 Eberhardi
1715 1233 1752 1264 de
1767 1233 1872 1272 Milia,
1890 1233 1971 1272 mil„
1993 1242 2066 1266 can.
2083 1233 2234 1275 praeben.
2249 1233 2333 1266 eccl.

714 1286 984 1327 Nuemhurgen„
1003 1286 1130 1318 similis
1146 1287 1257 1327 gratia
1279 1287 1315 1319 in
1330 1287 1412 1318 eccl.
1427 1287 1652 1328 Bambergen.
1673 1306 1713 1311 —
1727 1288 1755 1320 Ι.
1772 1297 1802 1320 e.
1823 1297 1869 1320 m.
1894 1289 2073 1329 pigavien.
2093 1289 2128 1321 et
2145 1288 2332 1321 Eberacen.

715 1342 862 1372 monast.
881 1340 972 1379 abb„
989 1340 1246 1381 Mei-seburgen.
1265 1341 1297 1373 et
1311 1340 1533 1382 Herbipolen.
1550 1342 1609 1380 di.,
1626 1351 1664 1374 ae
1679 1342 1806 1374 Jacobo
1821 1342 2027 1383 supradicto.
2045 1342 2098 1382 (A.
2115 1343 2187 1382 257,
2202 1342 2226 1374 f.
2246 1343 2288 1375 86
2302 1340 2333 1380 ”5

721 1390 757 1422 V.
773 1392 823 1428 83,
841 1399 894 1430 ep.
914 1390 1018 1430 1640.)

760 1441 898 1474 28473.
918 1461 955 1465 —
971 1443 1104 1474 Nicolao
1119 1443 1253 1475 loannis
1266 1443 1302 1475 de
1316 1444 1426 1486 Praqa
1442 1445 1552 1485 gratia
1566 1454 1663 1486 exsp.
1682 1445 1788 1486 dign,
1806 1447 2011 1486 personatus
2033 1455 2095 1478 seu
2112 1446 2167 1478 off.
2187 1455 2216 1478 c.
2233 1454 2263 1478 c.
2279 1445 2334 1478 vel

715 1507 742 1529 s.
763 1507 790 1529 c.
809 1498 843 1529 in
861 1498 943 1529 eccl.
966 1498 1142 1537 Pragensi‚
1163 1498 1205 1529 ad
1220 1498 1335 1530 collat.
1353 1498 1422 1538 ep.i
1439 1499 1472 1530 et
1486 1499 1588 1539 capit.
1607 1499 1715 1540 ejusd.
1735 1499 1840 1537 eccl.;
1855 1497 1923 1532 non
1939 1500 2026 1533 obst.
2045 1500 2081 1532 in
2100 1499 2332 1532 Bolezlavien.

715 1551 907 1590 scolastria,
925 1551 1028 1591 quam
1042 1551 1213 1583 dimittere
1226 1553 1373 1590 tenetur,
1387 1552 1468 1583 etin
1483 1552 1571 1583 eisd.
1586 1552 1816 1585 Bolezlavien.
1831 1555 1864 1585 et
1877 1554 2021 1594 Pragen.
2036 1562 2155 1586 canon.
2169 1556 2203 1586 et
2214 1552 2332 1594 praeb.‚

715 1615 818 1645 super
837 1614 903 1645 qua
920 1605 1022 1645 praeb.
1044 1605 1141 1636 dictae
1157 1606 1238 1637 eccl.
1259 1606 1402 1646 Pragen.
1422 1606 1501 1646 ipsi,
1518 1607 1556 1637 ut
1573 1607 1710 1645 asserit,
1731 1598 1767 1638 in
1787 1607 1882 1639 curia
1904 1607 1949 1639 Iis
1966 1609 2135 1645 movetur,
2153 1616 2285 1640 necnon
2297 1607 2336 1640 in

714 1659 987 1699 Wissegraden.,
1006 1659 1104 1690 dictae
1121 1659 1181 1696 di.,
1200 1659 1281 1690 eccl.
1298 1668 1416 1691 canon.
1434 1659 1498 1691 sub
1513 1668 1608 1700 exsp.
1626 1659 1731 1700 praeb.
1747 1678 1786 1684 —
1806 1661 1833 1692 Ι.
1857 1670 1886 1694 e.
1907 1670 1952 1693 m.
1973 1661 2128 1694 Theatin.
2146 1663 2180 1694 et
2194 1661 2335 1694 Olomu-

714 1722 785 1744 cen.
806 1713 904 1752 epis,
927 1721 964 1744 ac
982 1712 1096 1744 abbati
1119 1714 1263 1744 monast.
1287 1713 1543 1750 Brenoviensis‚
1559 1714 1703 1754 Pragen.
1723 1714 1894 1747 dioecesis.
1914 1715 1966 1755 (A.
1989 1717 2039 1754 76,
2058 1715 2080 1747 f.
2102 1716 2162 1748 537
2178 1721 2206 1752 ⁸,·
2231 1714 2265 1747 V.
2280 1716 2332 1754 83,

714 1776 767 1807 ep.
787 1767 892 1803 1661.)

760 1817 896 1849 28174.
916 1837 954 1841 -
979 1820 1162 1861 [raymundo
1183 1820 1220 1850 de
1244 1819 1432 1851 Caserolucii
1455 1821 1567 1852 collat.
1591 1830 1710 1853 canon.
1735 1822 1799 1853 sub
1825 1831 1922 1863 exsp.
1948 1822 2067 1863 praeb.‚
2093 1832 2131 1855 ac
2153 1824 2246 1864 dign.
2272 1832 2334 1856 seu

714 1875 918 1914 personatus
940 1874 1020 1905 eccl.
1054 1873 1275 1905 Aurelianen.
1304 1874 1407 1906 etiam
1432 1884 1458 1906 c.
1486 1884 1527 1913 c.,
1555 1875 1704 1907 instante
1725 1876 1874 1917 Rogerio
1898 1885 1975 1917 ep.o
1998 1877 2240 1916 Aurelianen.;
2266 1886 2335 1910 non

714 1927 801 1959 obst.
820 1928 855 1958 in
871 1927 951 1959 eccl.
972 1927 1129 1959 Toletan.
1150 1936 1268 1959 canon.
1289 1930 1320 1960 et
1337 1928 1439 1968 praeb.
1458 1946 1496 1951 —
1509 1929 1535 1960 Ι.
1554 1937 1582 1960 e.
1599 1938 1645 1960 m.
1666 1930 1905 1970 Engolismen.
1924 1932 1999 1963 ets.
2018 1930 2182 1971 Stephani
2192 1931 2236 1964 de
2252 1931 2336 1964 Tes-

714 1990 796 2012 cone
826 1981 1070 2013 Montisalban.
1095 1981 1245 2018 decanis,
1274 1991 1311 2013 ac
1337 1982 1488 2014 thesaur.
1517 1983 1718 2015 Laudunen.
1745 1984 1826 2015 eccl.
1854 1984 1907 2025 (A.
1935 1985 1986 2023 27,
2018 1984 2042 2017 f.
2068 1986 2127 2017 251
2155 1990 2188 2022 ·;
2219 1985 2256 2018 V.
2280 1986 2337 2024 83,-

714 2043 767 2075 ep.
793 2036 897 2074 1718.)

759 2086 896 2118 28475.
919 2106 958 2111 -
977 2088 1118 2120 Germ-do
1145 2089 1278 2120 Winrici
1295 2098 1389 2129 prov,
1410 2099 1531 2122 canon.
1549 2090 1613 2122 sub
1638 2099 1735 2132 exsp.
1761 2091 1864 2133 praeb.
1886 2093 1967 2124 eccl.
1992 2093 2192 2125 monasterii
2210 2093 2246 2126 in
2266 2094 2335 2136 Ey-

712 2142 781 2182 flia,
802 2142 978 2174 Colonien.
995 2143 1040 2174 di.
1056 2160 1095 2165 —-
1109 2143 1136 2174 I.
1152 2152 1180 2174 e.
1198 2152 1244 2174 m.
1262 2143 1378 2175 abbati
1391 2145 1538 2175 monast.
1555 2144 1723 2181 Tuicsien„
1741 2145 1917 2178 Colonien.
1933 2147 1993 2183 di.,
2008 2147 2042 2179 et
2054 2146 2205 2180 thesaur.
2221 2157 2250 2180 s.
2266 2148 2334 2181 An-

713 2196 802 2227 dreae
820 2197 1010 2232 Colonien.,
1030 2206 1068 2228 ac
1084 2197 1212 2228 Busolo
1227 2198 1267 2228 de
1281 2197 1416 2235 Parma,
1435 2198 1535 2238 Papae
1548 2207 1635 2239 cap„
1653 2207 1725 2232 can.
1744 2199 1932 2232 Tornacen.
1951 2200 2033 2232 eccl.
2047 2201 2101 2240 (A.
2118 2202 2170 2239 27,
2185 2202 2208 2233 f.
2225 2201 2332 2239 297b;

718 2250 754 2281 V.
775 2251 828 2287 83,
844 2259 897 2289 ep.
918 2250 1024 2290 1809.)

758 2301 898 2333 28476.
922 2323 960 2328 —
979 2304 1165 2345 Raynardo,
1189 2310 1261 2335 nalo
1286 2304 1417 2336 Henrici
1438 2305 1476 2336 de
1495 2305 1701 2347 Huyillzoven.
1725 2307 1845 2343 militis,
1869 2308 1983 2341 collat.
2006 2317 2125 2341 canon.
2149 2309 2213 2341 sub
2237 2317 2334 2351 exsp.

712 2357 830 2397 praeb„
844 2367 882 2389 ac
895 2358 1001 2398 dign.‚
1018 2358 1073 2389 vel
1089 2360 1295 2398 personatus
1315 2367 1376 2391 seu
1394 2360 1447 2390 off.
1464 2369 1491 2390 s.
1511 2369 1539 2391 c.
1556 2360 1610 2392 vel
1626 2361 1854 2401 praestimonii
1870 2362 1951 2393 eccl.
1966 2364 2137 2401 Bunnen.,
2157 2363 2333 2396 Colonien.

713 2411 759 2443 di.
779 2430 816 2434 —
834 2412 860 2442 I.
880 2421 910 2443 e.
928 2421 972 2443 m.
991 2412 1119 2444 decano
1133 2414 1166 2444 et
1180 2412 1336 2444 thesaur.
1355 2415 1500 2445 monast.
1520 2414 1638 2454 Eyssiae
1657 2414 1834 2447 Colonien.
1851 2415 1911 2451 di.,
1932 2425 1970 2447 ac
1987 2425 2076 2457 mag.
2091 2417 2277 2450 Ambrosio
2293 2418 2334 2450 de

713 2465 746 2496 la
764 2466 929 2504 Mayrola,
943 2474 1016 2497 can.
1039 2466 1266 2498 Mediolanen.
1288 2467 1368 2499 eccl.
1393 2467 1448 2506 (A.
1475 2469 1527 2503 28,
1547 2468 1571 2498 f.
1589 2469 1649 2500 257
1668 2473 1697 2506 ²3
1725 2468 1762 2500 V.
1782 2470 1833 2506 84,
1853 2478 1904 2510 ep.
1924 2469 2033 2511 2732.)

759 2516 897 2548 28477.
919 2537 957 2542 -
973 2519 1137 2551 Praedictis
1147 2520 1307 2561 judicibus
1320 2521 1534 2552 eoeecutoribus
1547 2522 1660 2553 mand.
1675 2523 1712 2554 ut
1727 2523 1902 2555 conferant
1918 2523 2054 2564 paroch.
2068 2525 2150 2557 eccl.
2167 2526 2207 2557 de
2218 2525 2334 2558 Aden-

713 2573 810 2612 dorp,
830 2573 1004 2604 Colonien.
1024 2574 1085 2611 di.,
1105 2583 1176 2606 vac.
1196 2583 1239 2605 ex
1257 2583 1296 2606 eo
1313 2575 1403 2615 quod
1420 2576 1627 2615 Raynardus
1646 2576 1686 2608 de
1703 2576 1929 2617 Angilhoven.
1945 2578 2054 2610 eamd.
2071 2579 2152 2610 eccl.
2173 2589 2240 2611 una
2256 2588 2334 2613 cum

712 2626 927 2658 thesauraria
945 2627 1026 2659 eccl.
1047 2636 1074 2658 s.
1094 2628 1249 2659 Severini
1265 2628 1441 2660 Colonien.
1463 2629 1622 2668 pluribus
1643 2630 1743 2662 annis
1767 2631 1919 2663 detinere
1939 2633 2171 2673 praesumpsit,
2189 2634 2334 2674 Syherto

713 2680 754 2711 de
772 2679 980 2718 Glodebach,
999 2681 1114 2720 presb.
1132 2681 1307 2714 Colonien.
1328 2683 1374 2713 di.
1392 2683 1444 2721 (A.
1460 2684 1512 2721 28,
1529 2683 1552 2715 f.
1572 2685 1633 2716 203
1652 2689 1680 2722 ⁸3
1699 2684 1732 2717 V.
1746 2686 1798 2722 84,
1817 2694 1871 2726 ep.
1888 2687 1986 2723 27453
2005 2686 2193 2718 Sauerland
2209 2687 2334 2727 (Rhein-

714 2733 830 2772 lande)‚
848 2735 872 2765 t.
891 2734 936 2772 11,
955 2743 988 2774 p.
1006 2736 1056 2773 34,
1077 2744 1109 2766 n.
1129 2737 1233 2775 1183.)

757 2785 897 2818 28478.
915 2805 954 2810 -
966 2788 1072 2829 Praep.
1093 2789 1258 2829 Zeflicen„
1275 2794 1303 2820 et
1320 2791 1444 2821 cantori
1459 2791 1617 2831 Bunnen.,
1639 2792 1800 2824 Colonien.
1818 2793 1876 2833 di.,
1893 2804 1929 2824 ac
1947 2804 2027 2836 maq.
2045 2794 2209 2826 Ambrosio
2224 2795 2262 2827 de
2274 2796 2334 2828 La·

713 2841 866 2882 mayrola,
884 2852 953 2873 can.
975 2841 1181 2873 Mediolanen.
1201 2842 1286 2882 eccl„
1307 2845 1420 2876 mand.
1438 2847 1475 2876 ut
1491 2845 1667 2878 conferant
1685 2846 1823 2886 paroch.
1847 2847 1928 2879 eccl.
1956 2848 1997 2880 de
2018 2848 2131 2889 spele,
2153 2850 2330 2883 Colonien.

713 2895 772 2932 di.,
792 2904 853 2935 per
877 2895 1046 2927 diutinam
1071 2897 1282 2929 vacationem
1306 2898 1348 2928 ad
1364 2898 1397 2929 S.
1418 2899 1458 2929 A.
1479 2898 1685 2937 devolutam,
1702 2901 1827 2932 Joanni
1842 2901 1883 2933 de
1904 2902 2217 2940 Bumerskirchen.,
2236 2913 2331 2945 perp.

712 2949 842 2981 vicario
859 2950 895 2981 in
913 2950 994 2982 eccl.
1015 2951 1055 2982 de
1071 2951 1273 2991 Rymstorp‚
1290 2951 1401 2992 ejusd.
1419 2953 1466 2984 di.
1485 2953 1539 2992 (A.
1554 2954 1604 2991 28,
1622 2953 1644 2985 f.
1661 2955 1722 2986 209
1735 2960 1765 2991 ⁸3
1785 2954 1819 2987 V.
1831 2956 1882 2994 84,
1897 2964 1949 2996 ep.
1966 2957 2072 2996 2773.)
