2540 3496
234 403 338 431 Datum
360 397 545 432 Avenione.

243 669 255 695 Ι
278 667 361 703 (kal.)
378 671 432 696 oct.
453 667 540 696 1325.

318 713 347 740 Τ.
369 713 464 740 XXVI.

351 935 387 963 Ut
403 943 428 962 e.

327 979 357 1006 T.
375 978 456 1006 XXX.

349 1201 385 1229 Ut
401 1208 424 1228 s.

336 1245 366 1273 Τ.
382 1244 439 1275 XL.

220 1683 240 1712 3
257 1684 289 1721 (v
303 1683 386 1720 non.)
402 1685 455 1712 oct.
474 1682 563 1712 1325.

334 1729 365 1756 T.
386 1728 441 1756 XL.

210 1774 260 1804 Gr.
278 1782 330 1810 pro
347 1773 503 1802 medietate
520 1781 571 1810 pro

263 1827 341 1855 pers.
356 1814 419 1847 d.1ii
435 1819 513 1847 card.

350 1899 386 1927 Ut
402 1908 426 1927 s.

339 1945 370 1972 T.
392 1944 447 1972 XL.

211 1990 259 2018 Gr.
275 1997 328 2026 pro
343 1989 502 2018 medietate
516 1997 569 2025 pro

264 2043 344 2071 pers.
360 2034 422 2063 d.ni
439 2035 518 2062 card.

214 2116 233 2144 h
251 2116 295 2153 (ιν
308 2117 390 2151 non.)
406 2120 459 2144 oct.
478 2115 566 2144 1325.

310 2161 376 2189 Sine
395 2163 472 2190 taxa.

350 2331 387 2359 Ut
407 2339 430 2358 s.

294 2376 325 2404 T.
342 2375 401 2409 XII,
421 2375 491 2403 xlv.

357 2600 392 2628 Ut
412 2608 437 2628 s.

328 2645 358 2672 T.
379 2645 460 2672 XXX.

357 2918 392 2947 Ut
411 2928 435 2948 s.

322 2964 354 2992 Τ.
375 2964 468 2992 XXVI.

603 312 777 344 JOANNIS
803 314 921 345 PAPAE
942 314 1045 345 xxll.
1070 316 1320 356 (1316-1334).
1344 335 1382 340 ·—
1407 315 1594 346 LITTERAE
1618 315 1844 346 COMMUNES
2210 318 2244 345 11

633 506 762 535 assumi
779 505 906 543 valeat;
934 515 999 538 non
1020 506 1108 538 obst.
1127 507 1218 547 quod
1237 507 1320 538 olim
1337 508 1490 547 tempore
1513 507 1705 546 juventutis
1730 507 1885 538 ordinem
1913 507 2177 538 Carmelitarum
2199 508 2246 538 in-

633 565 774 597 gressus
798 559 902 591 suerit
922 561 954 591 et
977 560 1165 600 professuS‚
1184 562 1216 592 et
1233 561 1268 592 in
1285 569 1325 592 eo
1349 571 1380 592 vi
1401 561 1500 592 annis
1520 563 1552 593 et
1573 561 1663 592 ultra
1679 561 1962 601 perseveraverit.
1980 561 2033 600 (A.
2050 562 2102 596 -24,
2123 561 2145 591 f.
2163 563 2198 592 61
2219 566 2247 599 ²;

641 610 674 641 V.
694 612 744 649 80,
766 621 819 652 ep.
837 614 901 651 73.)

682 662 818 696 23491.
839 685 878 689 -
894 666 991 697 Heliae
1006 667 1100 698 electo
1118 667 1303 705 Tor-narem,
1326 668 1384 708 qui
1401 670 1553 708 tempore
1569 668 1797 708 promotionis
1814 677 1884 700 suae
1901 668 2050 699 clericali
2072 668 2250 699 dumtaxat

635 720 804 750 caractere
826 720 1014 760 insignitus
1039 723 1112 754 erat
1136 722 1262 762 quique
1287 722 1472 753 terminum
1496 722 1683 762 recipiendi
1706 731 1823 753 sacros
1846 722 1984 753 ordines
2007 723 2039 753 et
2060 723 2247 753 consecrat.

635 780 762 803 munus
775 773 906 812 pluries
920 774 1068 806 obtinuit
1083 775 1152 806 sibi
1166 775 1356 816 prorogari,
1373 784 1464 807 conc.
1482 776 1677 816 prorogatio
1691 784 1799 816 usque
1816 775 1859 806 ad
1874 784 1980 807 unum
1997 784 2136 812 annum,
2154 775 2250 806 dum-

635 826 734 856 modo
753 826 1034 858 subdiaconatum
1060 828 1138 859 hinc
1161 829 1202 859 ad
1224 829 1357 860 instans
1380 829 1506 860 festum
1527 829 1724 861 Nativitatis
1747 829 1887 861 Domini
1906 829 2058 869 recipiat,
2078 829 2120 860 ad
2142 828 2249 860 susci-

634 878 796 917 piendum
814 879 901 910 alios
917 881 990 911 ord.
1006 882 1039 912 et
1052 890 1178 912 munus
1190 884 1376 913 consecrat.
1395 883 1448 922 (A.
1464 884 1514 920 24,
1532 882 1554 913 f.
1571 885 1608 914 79
1626 882 1654 919 b;
1681 882 1713 913 V.
1732 884 1784 920 80,
1805 891 1857 923 ep.
1878 883 1945 923 96.)

681 928 817 960 23492.
837 949 874 955 --
890 933 1039 964 Rainerio
1059 933 1152 964 electo
1173 934 1338 966 Cortonen.
1364 935 1486 966 indult.
1506 936 1675 967 retinendi
1692 945 1800 976 usque
1822 936 1863 967 ad
1883 936 1915 968 S.
1937 937 1977 967 A.
1997 936 2249 976 beneplacitum

633 984 768 1024 plebem
786 985 818 1016 S.
837 985 881 1016 M.
899 986 940 1017 de
956 987 1096 1026 Pagina,
1114 988 1246 1019 Aretin.
1265 988 1324 1025 di.,
1342 989 1469 1020 attento
1487 990 1576 1028 quod
1594 990 1781 1020 secundum
1795 990 2049 1021 condecentiam
2070 991 2180 1022 status
2194 989 2250 1020 sui

634 1038 743 1069 multa
760 1038 874 1078 ipsum
895 1039 1012 1070 subire
1025 1041 1157 1080 oportet
1173 1042 1205 1072 et
1220 1041 1390 1080 oportebit
1407 1041 1440 1072 in
1459 1043 1634 1081 posterum
1649 1051 1752 1074 onera
1768 1051 2009 1082 expensarum,
2028 1043 2070 1074 ad
2088 1052 2161 1083 quae
2181 1043 2245 1074 sor-

636 1099 698 1122 san
713 1099 781 1123 non
796 1092 972 1124 sufficiunt
994 1093 1258 1134 praesentialiter
1279 1094 1409 1126 fructus
1435 1096 1467 1126 et
1484 1095 1638 1126 redditus
1657 1096 1809 1127 ecclesiae
1832 1097 2067 1134 Cortonensis,
2087 1105 2195 1136 nuper
2213 1097 2250 1128 in

635 1144 866 1177 cathedralem
879 1148 1010 1179 erectae.
1029 1147 1081 1188 (A.
1099 1149 1150 1185 24,
1170 1148 1193 1179 f.
1211 1149 1247 1179 81
1266 1148 1297 1186 ι’;
1319 1148 1354 1179 V.
1371 1149 1421 1186 80,
1441 1157 1494 1188 ep.
1514 1149 1599 1187 105.)

680 1196 819 1230 23493.
839 1218 877 1223 -
895 1199 1058 1232 Guillelmo
1077 1201 1214 1232 Fulcosii
1228 1212 1329 1243 praep.
1347 1202 1420 1233 eccl.
1441 1202 1581 1234 Grassen.
1602 1202 1774 1234 absolutio
1797 1203 1838 1234 ab
1857 1212 1988 1235 excom.
2006 1206 2039 1235 et
2054 1204 2250 1244 irregulari·

635 1252 765 1284 tatibus
782 1253 931 1285 incursis
947 1263 986 1286 eo
1007 1255 1098 1295 quod
1114 1255 1196 1287 olim
1216 1256 1250 1287 in
1269 1256 1427 1288 Marchiae
1443 1257 1661 1294 Anconitan.‚
1680 1257 1831 1288 civitatis
1847 1256 1982 1293 Urbini,
2000 1259 2033 1289 et
2051 1258 2176 1297 quond.
2194 1266 2249 1289 co-

637 1306 779 1338 mitatus
799 1307 911 1347 ipsius
927 1317 966 1340 ac
978 1309 1100 1341 Massae
1116 1309 1288 1341 Trabariae
1304 1310 1492 1350 provinciis
1509 1310 1542 1341 in
1562 1310 1688 1350 quihus
1703 1311 1742 1341 E.
1762 1311 1803 1342 R.
1815 1310 2091 1350 ,iurisdictionem
2108 1310 2249 1349 obtinet,

636 1360 677 1392 de
694 1361 854 1393 mandato
872 1361 1000 1394 Amelii
1020 1363 1173 1394 earumd.
1196 1364 1451 1404 provinciarum
1479 1364 1633 1401 rectoris,
1655 1364 1753 1404 cujus
1771 1364 1929 1395 officialis
1946 1364 2129 1400 existebat,
2151 1373 2251 1404 opem

637 1414 730 1446 dedit
752 1416 981 1456 peremptioni
999 1417 1125 1457 quond.
1144 1417 1318 1449 Frederici
1335 1418 1376 1449 de
1392 1417 1636 1449 Monteferetro
1655 1419 1687 1449 et
1706 1418 1949 1458 decapitationi
1967 1418 2137 1458 quondam
2154 1418 2250 1449 Bolo-

634 1467 706 1500 nini
726 1469 812 1500 civis
829 1470 970 1509 Fauen„
990 1479 1050 1511 per
1064 1471 1194 1502 curiam
1211 1471 1319 1511 ejusd.
1336 1471 1480 1503 rectoris
1493 1471 1535 1503 ad
1552 1473 1697 1503 mortem
1715 1471 2030 1509 condemnatorum,
2048 1473 2080 1503 et
2093 1471 2252 1511 pluribus

635 1531 770 1563 quoque
788 1523 998 1555 exercitibus
1014 1526 1130 1556 contra
1149 1524 1297 1557 rebelles
1314 1525 1422 1565 ejusd.
1444 1525 1526 1557 eccl.
1546 1525 1714 1564 interfuit,
1734 1525 1918 1556 nonnullas
1937 1525 2128 1557 dirutiones
2148 1526 2252 1557 eccle-

636 1577 767 1608 siarum
783 1577 819 1608 in
838 1577 964 1618 quibus
978 1579 1082 1610 iidem
1101 1579 1247 1611 rebelles
1263 1579 1426 1619 receptati
1445 1580 1541 1611 erant
1556 1579 1797 1619 praecipiendo,
1815 1588 1892 1611 cum
1908 1579 2008 1610 aliter
2027 1579 2078 1610 illi
2093 1579 2168 1618 capi
2185 1588 2251 1611 non

636 1633 788 1671 possent.
804 1632 858 1672 (A.
878 1633 928 1670 24,
946 1632 970 1663 f.
990 1634 1047 1664 147
1064 1632 1094 1671 ¹³3
1117 1633 1154 1664 V.
1169 1634 1221 1671 80,
1238 1642 1292 1673 ep.
1308 1633 1394 1674 156.)

682 1682 818 1715 23494.
836 1705 874 1710 —
891 1686 997 1727 Ep.us
1019 1686 1211 1725 Tiburtinus,
1231 1691 1259 1717 et
1277 1687 1370 1718 abbas
1385 1692 1515 1718 monast.
1542 1698 1566 1717 ε.
1591 1687 1757 1725 praxedis,
1778 1697 1813 1718 ac
1833 1687 1972 1728 archipr.
1994 1687 2066 1718 eccl.
2085 1698 2108 1717 s.
2128 1686 2251 1718 Puden-

637 1739 728 1770 tianae
741 1739 778 1770 de
794 1739 873 1771 Urbe
886 1740 1009 1772 dantur
1025 1741 1062 1772 ut
1071 1741 1207 1781 judices
1225 1742 1483 1774 conservatores
1502 1742 1544 1773 ad
1562 1741 1835 1782 quinquennium
1854 1742 1955 1773 Petro
1973 1750 1999 1772 s.
2023 1741 2145 1781 Angeli
2164 1741 2249 1773 diac.

635 1793 727 1825 card.
746 1794 801 1834 (A.
820 1795 871 1832 2⁴,
888 1794 911 1825 f.
926 1796 965 1826 87
983 1799 1011 1832 ¹3
1038 1794 1074 1826 V.
1089 1796 1141 1832 80,
1159 1803 1212 1834 ep.
1233 1797 1271 1827 61
1287 1795 1343 1835 A.)

683 1898 819 1930 23495.
845 1919 878 1924 -—
895 1901 1001 1942 Ep.us
1020 1901 1212 1940 Tiburtinus,
1236 1906 1264 1932 el
1280 1902 1374 1932 abbas
1397 1912 1420 1932 s.
1439 1902 1539 1939 Sabae,
1561 1912 1597 1932 ac
1616 1903 1706 1943 prior
1722 1913 1746 1932 s.
1767 1913 1791 1933 s.
1813 1903 1952 1940 Oualuor
1972 1901 2199 1933 Coronalorum
2216 1902 2252 1934 de

639 1954 728 1992 Urbe,
744 1965 803 1996 per
814 1955 952 1996 priorem
965 1954 1049 1986 soliti
1063 1955 1150 1996 qub„
1164 1960 1294 1988 monast.
1312 1956 1437 1988 dantur
1452 1958 1488 1987 ut
1502 1956 1635 1996 judices
1651 1957 1907 1988 conservatores
1923 1956 1964 1987 ad
1978 1956 2251 1996 quinquennium

636 2009 738 2041 Petro
754 2018 781 2040 S.
799 2009 922 2049 Angeli
938 2009 1024 2040 diac.
1043 2010 1147 2047 card„
1166 2009 1312 2050 archipr.
1328 2011 1361 2041 et
1375 2010 1525 2050 capitulo
1545 2010 1626 2041 eccl.
1645 2011 1849 2041 Lateranen.
1867 2010 1918 2049 (Α.
1937 2011 1987 2047 24,
2006 2010 2029 2040 f.
2041 2011 2079 2041 87
2098 2010 2126 2046 ¹¹;
2150 2010 2181 2040 V.
2199 2011 2252 2048 80,

637 2071 654 2094 e
683 2087 689 2094 .
708 2064 744 2095 61
764 2063 802 2094 B.

657 2064 820 2147 Ρ23496).
847 2136 884 2140 -
906 2116 988 2158 May.
1011 2117 1143 2158 Riqaldo
1163 2117 1199 2148 de
1221 2117 1341 2153 Manso,
1365 2117 1492 2149 archid.
1512 2117 1680 2149 Conchen.
1706 2118 1740 2149 in
1762 2118 1842 2149 eccl.
1862 2118 2067 2156 Ruthenen.‚
2090 2118 2190 2157 Papae
2207 2118 2252 2149 fa-

638 2170 725 2206 mil.,
747 2170 870 2202 induit.
889 2170 931 2202 ad
956 2171 1143 2202 triennium
1168 2171 1379 2211 percipiendi
1398 2171 1530 2202 fructus
1549 2171 1660 2203 benef.
1685 2180 1827 2202 suorum
1846 2171 1975 2212 absque
1994 2171 2190 2202 residentia.
2214 2190 2253 2195 -

638 2225 667 2256 I.
684 2233 714 2256 e.
733 2233 777 2255 m.
792 2233 896 2264 praep.
917 2226 949 2256 et
964 2225 1116 2256 sacristae
1130 2225 1355 2262 Avenionen.‚
1372 2233 1409 2256 ac
1421 2224 1563 2257 Alberto
1579 2225 1730 2262 Lordeti,
1746 2234 1819 2256 can.
1839 2225 2012 2256 Mimaten.
2030 2225 2110 2256 eccl.
2129 2225 2182 2265 (A.
2201 2226 2252 2263 24,

639 2278 660 2309 f.
683 2280 741 2310 144
756 2277 788 2315 ¹’;
812 2277 845 2308 V.
862 2279 912 2314 80,
930 2287 982 2318 ep.
1000 2278 1085 2317 15¹.)

682 2327 820 2359 23497.
841 2349 879 2353 -
897 2330 990 2360 Petro
1011 2329 1047 2360 de
1065 2329 1209 2371 Laparra
1225 2330 1348 2362 rectori
1363 2330 1499 2370 paroch.
1520 2330 1602 2362 eccl.
1627 2330 1667 2362 de
1685 2330 1834 2368 CasuIis,
1858 2330 2025 2362 Biterren.
2045 2331 2106 2368 di.,
2131 2330 2254 2362 indult.

637 2385 675 2415 ut
691 2392 800 2424 usque
819 2384 861 2415 ad
885 2384 1074 2415 triennium
1091 2383 1224 2415 fructus
1242 2384 1396 2415 omnium
1414 2383 1526 2415 benef.
1547 2392 1689 2415 suorum
1715 2384 1847 2424 integre
1875 2385 2049 2424 percipere
2075 2384 2197 2424 possit,
2220 2384 2256 2415 in

638 2438 746 2469 altero
759 2446 878 2470 eorum
896 2438 1077 2470 residendo
1093 2438 1148 2470 vel
1166 2447 1255 2478 mag.
1274 2438 1413 2478 Rigaldi
1432 2438 1472 2470 de
1488 2438 1620 2476 Manso,
1638 2438 1767 2469 archid.
1787 2438 1956 2470 Conchen.
1975 2438 2010 2469 in
2029 2438 2110 2469 eccl.
2130 2438 2255 2470 Ruthe·

639 2500 731 2529 nen„
746 2492 848 2532 Papae
862 2491 998 2532 physici
1017 2493 1050 2523 et
1065 2491 1189 2530 famil.,
1209 2492 1386 2532 obsequiis
1406 2493 1463 2523 aut
1483 2493 1573 2532 apud
1596 2492 1748 2524 studium
1767 2492 1924 2532 generale
1945 2491 2138 2524 scolasticis
2154 2491 2255 2523 disci—

639 2545 747 2585 plinis
760 2545 965 2577 insistendo.
981 2562 1021 2569 —
1036 2546 1063 2577 I.
1083 2554 1112 2577 e.
1133 2554 1179 2577 m.
1197 2547 1234 2577 ut
1251 2554 1279 2577 s.
1298 2546 1352 2586 (A.
1371 2547 1422 2584 24,
1444 2545 1467 2576 f.
1486 2547 1545 2578 163
1561 2551 1589 2583 ¹;
1615 2545 1649 2577 V.
1667 2547 1718 2583 80,
1737 2555 1789 2586 ep.
1808 2546 1894 2586 183.)

685 2596 823 2628 23498.
843 2617 881 2622 -
897 2599 1067 2640 ΑνοΙιὶεΡ.ο
1083 2599 1202 2630 Pisano
1220 2599 1335 2631 mand.
1359 2601 1397 2631 ut
1421 2599 1631 2637 Thomaeum,
1650 2608 1724 2631 can.
1752 2599 1925 2639 prioratus
1950 2608 1977 2630 s.
2007 2599 2192 2639 Augustini
2215 2599 2256 2630 de

639 2652 788 2689 Resano‚
805 2653 879 2684 ord.
896 2653 1006 2693 ejusd.
1023 2653 1144 2692 sancti,
1162 2653 1280 2684 Pisan.
1298 2653 1357 2691 di.,
1375 2653 1539 2693 praeficiat
1557 2653 1592 2684 in
1608 2653 1758 2693 priorem
1773 2654 1920 2684 monast.
1936 2661 1963 2684 s.
1979 2652 2098 2684 Jacobi
2112 2652 2153 2683 de
2169 2652 2257 2685 Orti-

642 2706 736 2738 caria
754 2715 860 2748 prope
875 2707 988 2745 Pisas,
1004 2715 1065 2747 per
1080 2707 1231 2747 priorem
1248 2707 1342 2739 soliti
1359 2706 1452 2747 gub.‚
1474 2707 1546 2745 (200
1558 2707 1632 2738 ssor.
1653 2707 1754 2746 auri),
1770 2706 1924 2738 vacantis
1940 2715 2000 2746 per
2017 2705 2147 2738 obitum
2164 2706 2253 2737 Hen-

639 2760 720 2798 rici3
746 2762 880 2792 cassata
901 2761 999 2800 prius
1018 2761 1184 2793 electione
1207 2761 1319 2801 ipsius
1335 2761 1487 2793 Thomaei
1506 2769 1566 2801 per
1591 2769 1688 2792 conv.
1715 2760 1886 2792 celebrata
1909 2762 1941 2792 et
1959 2768 2019 2799 per
2045 2759 2256 2791 ordinarium

641 2814 843 2846 confirmata
860 2816 978 2847 contra
993 2815 1187 2854 generalem
1205 2816 1370 2847 reservat.
1386 2815 1427 2846 de
1444 2814 1621 2846 beneficiis
1639 2814 1793 2846 electivis
1810 2814 1844 2844 in
1859 2813 2014 2854 partibus
2031 2812 2164 2844 Tusciae
2178 2820 2253 2844 con-

640 2868 844 2900 sistentibus
862 2877 882 2900 a
898 2869 936 2900 P.
954 2868 994 2900 P.
1013 2869 1148 2901 factam.
1165 2869 1219 2909 (A.
1236 2870 1288 2907 21,
1304 2869 1327 2900 f.
1343 2870 1404 2900 213
1419 2868 1452 2906 b;
1476 2868 1513 2900 V.
1530 2870 1581 2908 80,
1598 2877 1650 2908 ep.
1668 2868 1753 2908 277.)

688 2918 824 2952 23499-
851 2940 890 2945 --
914 2922 1031 2954 Joanm'
1050 2922 1203 2964 Recuperi
1226 2923 1264 2954 de
1287 2923 1383 2960 Pisis,
1401 2922 1525 2954 rectori
1545 2922 1752 2962 parochialis
1775 2930 1802 2952 s.
1825 2920 1918 2952 Petri
1936 2921 1977 2952 de
1994 2920 2207 2955 Camuliano,
2225 2921 2258 2952 et

641 2983 670 3005 s.
688 2975 802 3007 Luciae
819 2975 860 3008 de
875 2975 1028 3016 Segalari
1045 2985 1083 3008 ac
1103 2985 1131 3008 s.
1149 2976 1302 3016 Philippi
1321 2976 1362 3008 de
1387 2975 1564 3008 Curitibus
1589 2984 1617 3007 s.
1636 2984 1665 3007 c.
1689 2974 1924 3013 ecclesiarum,
1945 2974 2071 3005 Lucan.
2087 2974 2120 3004 et
2137 2973 2254 3005 Pisan.

641 3027 702 3064 di.,
720 3027 823 3060 facul.
840 3028 1005 3061 fundandi
1021 3031 1054 3061 et
1069 3030 1208 3062 dotandi
1223 3030 1265 3061 de
1282 3029 1383 3062 bonis
1399 3029 1549 3070 propriis
1567 3029 1737 3068 quoddam
1752 3027 1922 3067 hospitale
1938 3027 1980 3058 ad
1996 3035 2097 3057 usum
2112 3026 2259 3058 infirmo·
