2540 3496
309 318 350 348 80

346 404 450 432 Datum
467 396 648 432 Avenione.

323 667 360 695 12
377 667 410 702 (11
427 666 480 700 id.)
494 665 560 700 jum.
583 663 672 692 1326.

446 710 477 737 Τ.
494 709 548 736 XL.

457 823 493 851 Ut
513 831 539 851 s.

445 868 476 895 T.
497 866 551 895 XL.

453 983 490 1011 Ut
509 990 533 1010 s.

402 1028 434 1058 Τ.
453 1028 499 1061 Xl,
515 1027 588 1055 ΧΙΙΙ.

342 1305 380 1334 13
399 1305 463 1342 (id.)
476 1305 542 1340 μη.
562 1304 651 1333 132⁶.

437 1351 468 1378 T.
488 1350 546 1378 xx.

457 1789 493 1817 Ut
512 1798 537 1817 ε.

430 1834 460 1862 Τ.
479 1834 560 1861 ΧΧΧ.

456 2379 493 2407 Ut
512 2387 538 2407 s.

422 2424 452 2452 T.
473 2424 570 2452 xxw.

461 2915 498 2942 Ut
514 2923 539 2944 s.

405 2960 437 2989 Τ.
454 2960 500 2993 xl,
515 2960 591 2993 xm.

716 309 891 342 JOANNIS
914 309 1034 341 PAPAE
1055 308 1158 339 xxll.
1181 306 1432 349 (1316-1384).
1453 324 1491 330 --
1515 304 1703 336 LITTERAE
1726 302 1953 335 COMMUNES

740 501 800 532 sis.
819 518 857 524 -
872 500 899 531 Ι.
913 508 943 531 e.
960 509 1007 531 m.
1033 497 1208 530 Armando
1233 497 1274 528 de
1288 495 1464 533 NarcesiO,
1490 495 1617 527 decano
1633 503 1661 526 s.
1681 494 1845 534 Stephani
1863 494 1904 526 de
1927 494 2080 527 Tescone
2096 493 2353 532 Montisalban„

739 554 839 593 Papae
859 561 945 592 cap„
971 553 1004 583 et
1022 550 1152 582 cantori
1175 551 1348 586 Bremen,
1373 557 1410 580 ac
1429 547 1653 589 Degenhardo
1673 548 1714 580 de
1737 547 1907 586 Mescede,
1925 555 1998 580 can.
2020 547 2256 588 Osnaburgen.
2272 547 2354 580 eccl.

741 606 793 645 (A.
811 607 864 641 24,
883 605 906 635 f.
923 606 983 636 643
1000 604 1032 640 1»;
1055 603 1089 635 ν.
1106 604 1157 641 80,
1177 611 1230 642 ep.
1250 602 1356 641 1345.)
2007 626 2010 628 .

784 655 924 688 24165.
943 676 981 681 -
1002 657 1107 698 Ep.us
1121 655 1353 693 Monasterien.,
1371 659 1400 686 et
1413 655 1546 686 decanus
1565 653 1696 686 Verden.
1717 664 1753 685 ac
1771 653 1896 686 scolast.
1915 664 1940 686 ε.
1956 653 2082 695 Georgii
2101 653 2264 686 Colonien.
2281 654 2354 686 eccl.

739 712 863 743 dantur
877 712 915 742 ut
930 710 1064 751 judices
1081 711 1341 742 conservatores
1360 718 1437 750 ep.o
1454 708 1691 749 osnaburgen.
1708 708 1750 740 ad
1766 708 2053 749 quinquennium.
2074 708 2128 748 (A.
2143 709 2194 746 24,
2211 708 2234 740 f.
2252 709 2309 740 101
2324 713 2355 745 ·;

748 764 778 796 V.
796 766 847 802 80,
867 773 920 804 ep.
939 765 1045 804 1351.)

785 814 922 847 24166.
943 836 978 842 -
994 817 1137 848 Decanus
1156 821 1185 848 et
1198 816 1321 849 scolast.
1338 816 1522 858 supradicti,
1538 827 1573 847 ac·
1594 820 1703 847 cantor
1721 815 1794 848 eccl.
1814 815 2064 847 Monasteriensis
2079 815 2202 848 dantur
2217 816 2253 847 ut
2269 815 2358 856 judi·
2380 831 2383 834 ·

739 880 795 903 ces
824 873 1083 903 conservatores
1111 871 1154 903 ad
1182 871 1457 912 quinquennium
1490 871 1617 902 decano
1645 872 1679 902 et
1710 869 1859 911 capitulo
1887 869 2041 902 ecclesiae
2067 868 2356 910 osnaburgensis.

739 925 794 964 (A.
808 926 860 963 24,
880 925 903 956 f.
922 926 978 957 101
999 924 1032 963 b;
1052 925 1088 956 V.
1106 926 1157 964 80,
1177 934 1230 966 ep.
1249 925 1355 964 1352.)

786 976 923 1009 24167.
950 996 989 1002 -
1013 978 1156 1010 Arnoldo
1176 978 1213 1010 de
1234 978 1355 1010 Dusene
1371 987 1467 1019 prov.
1483 987 1602 1010 canon.
1622 978 1704 1010 eccl.
1722 987 1750 1010 s.
1770 978 1928 1010 Severini
1945 977 2163 1010 Coloniensis
2179 976 2244 1008 sub
2259 984 2356 1016 exsp.

739 1032 856 1073 praeb.‚
876 1041 953 1064 cum
969 1034 1151 1073 augmento
1170 1032 1274 1073 praeb.
1288 1032 1379 1073 quod
1395 1032 1563 1064 ferculum
1581 1032 1654 1064 sive
1667 1040 1788 1064 mensa
1803 1031 1941 1069 dicitur,
1959 1031 2090 1064 consid.
2105 1030 2250 1063 Joannis
2267 1029 2359 1070 regis

739 1086 928 1124 Bohemiae3
954 1095 1020 1118 non
1043 1085 1130 1119 obst.
1151 1086 1186 1117 in
1204 1088 1388 1127 Angaren„
1416 1085 1653 1126 Osnaburgen.
1677 1086 1737 1123 di.‚
1761 1094 1839 1117 cum
1859 1084 1978 1126 praeb.,
2004 1086 2037 1117 et
2058 1084 2095 1116 in
2119 1083 2356 1124 osnaburgen-

740 1140 822 1172 eccl.
839 1140 904 1171 sub
920 1149 1016 1181 exsp.
1042 1140 1146 1180 praeb.
1164 1149 1282 1172 canon.
1305 1157 1345 1163 —
1369 1140 1396 1172 Ι.
1415 1149 1444 1171 e.
1461 1149 1506 1171 m.
1529 1139 1718 1172 Bertrando
1739 1140 1780 1171 de
1804 1149 1832 1171 s.
1857 1139 2017 1177 Genesio,
2044 1138 2173 1170 decano
2197 1137 2358 1179 Engolis-

741 1203 844 1232 men„
862 1195 963 1235 Papae
978 1203 1066 1234 cap.,
1080 1195 1113 1226 et
1127 1194 1264 1226 scolast.
1285 1202 1314 1226 s.
1331 1194 1472 1235 Georgii
1493 1194 1670 1226 Colonien.
1691 1193 1787 1231 eccl.,
1811 1202 1848 1225 ac
1871 1192 2013 1225 officiali
2035 1192 2211 1225 Colonien.
2233 1191 2286 1231 (Α.
2305 1192 2358 1230 24,

740 1248 765 1280 f.
781 1250 842 1280 644
855 1247 884 1285 ὓ,
910 1247 944 1279 V.
961 1249 1013 1286 80,
1031 1256 1084 1288 ep.
1105 1247 1208 1289 1360.)

788 1299 926 1332 24168.
953 1320 991 1325 -
1023 1301 1180 1333 Universis
1210 1306 1376 1343 praesentes
1401 1300 1461 1332 litt.
1490 1302 1677 1343 inspecturis
1705 1303 1824 1334 notum
1848 1301 1886 1334 fit
1914 1300 2077 1341 quatinus
2104 1300 2234 1332 dudum
2261 1307 2360 1340 ep.us

741 1356 902 1387 Elnensis
920 1355 1104 1387 nonnullas
1120 1364 1285 1396 personas
1297 1355 1488 1387 ecclesiast.
1505 1357 1537 1387 et
1554 1355 1669 1387 saecul.
1685 1355 1777 1387 civit.
1794 1356 1826 1387 et
1843 1355 1890 1386 di.
1909 1355 2032 1387 Elnen.
2050 1363 2125 1395 quae
2140 1353 2301 1394 Philippo
2318 1353 2360 1385 de

742 1409 930 1450 Maj0ricis‚
957 1408 1033 1441 abb.
1061 1409 1174 1442 saecul.
1196 1410 1277 1441 eccl.
1303 1418 1332 1441 S.
1357 1409 1459 1441 Pauli
1482 1408 1693 1445 Narbonen.‚
1713 1409 1819 1441 tutori
1846 1408 1966 1441 Jacobi
1989 1408 2081 1449 regis
2105 1407 2359 1448 Majoricarum‚

742 1463 927 1504 quominus
947 1462 1144 1504 huJusmodi
1165 1463 1279 1495 tutelae
1300 1463 1413 1495 officio
1435 1463 1485 1494 uti
1506 1464 1635 1503 posset,
1653 1462 1935 1494 contradictionis
1954 1461 2086 1494 obicem
2101 1461 2306 1498 inferebant,
2322 1469 2361 1493 ac

742 1517 964 1548 interdictum
979 1518 1068 1548 auct.
1087 1517 1195 1557 apost.
1215 1517 1250 1548 in
1269 1517 1355 1548 eisd.
1373 1516 1466 1548 civit.
1491 1518 1524 1548 et
1541 1517 1587 1548 di.
1610 1516 1866 1557 promulgatum
1887 1516 2037 1548 violasse
2054 1517 2182 1548 temere
2202 1514 2362 1547 diceban—

743 1572 812 1610 tur,
829 1571 948 1602 citavit
965 1572 1003 1602 ut
1026 1578 1140 1602 coram
1163 1571 1257 1611 Papa
1276 1579 1312 1602 se
1328 1571 1585 1612 praesentarent.
1608 1571 1702 1611 Papa
1728 1572 1843 1602 autem
1864 1570 1967 1603 certis
1988 1579 2032 1602 ex
2053 1569 2168 1602 causis
2191 1569 2362 1601 ordinavit

744 1624 835 1665 quod
851 1624 901 1655 illi
918 1624 976 1665 qui
995 1624 1090 1655 citati
1109 1633 1176 1656 non
1192 1626 1463 1664 comparuerant,
1484 1624 1527 1656 ad
1545 1624 1812 1664 comparendum
1829 1624 1977 1656 ulterius
1991 1623 2135 1656 minime
2150 1623 2360 1660 tenerentur,

743 1678 902 1718 quodque
925 1678 978 1710 illi
995 1678 1054 1718 qui
1070 1679 1112 1710 ad
1136 1679 1328 1710 Romanam
1352 1678 1482 1710 curiam
1498 1680 1662 1710 venerant
1678 1679 1802 1710 exinde
1820 1678 2029 1710 recederent.
2048 1677 2104 1719 (A.
2127 1679 2181 1718 24,
2206 1677 2229 1708 f.
2250 1678 2310 1710 316
2331 1681 2360 1713 ⁸;

753 1731 783 1764 V.
800 1733 851 1770 80,
871 1741 923 1771 ep.
944 1732 1028 1772 511).

790 1782 926 1815 24169.
948 1804 986 1808 -
1011 1785 1172 1817 Grimaldo
1192 1785 1298 1816 abbati
1322 1787 1504 1817 monaster-ii
1526 1797 1550 1818 3.
1577 1786 1738 1817 Michaelis
1755 1786 1792 1818 de
1813 1786 1956 1823 Cuxano,
1981 1785 2016 1818 0.
2037 1785 2074 1818 S.
2094 1785 2147 1824 B.‚
2168 1784 2284 1816 Elnen.
2304 1784 2362 1823 di„

744 1849 780 1869 ac
798 1850 828 1870 η.
843 1850 873 1870 υ.
887 1839 1041 1870 Aimerico
1055 1839 1091 1870 de
1106 1838 1267 1876 Narbona,
1289 1839 1448 1871 Dalmatio
1461 1840 1496 1871 de
1513 1840 1678 1878 Banvillis‚
1695 1840 1859 1872 Guillelmo
1878 1840 1987 1879 Rubei,
2004 1844 2032 1871 et
2047 1838 2210 1871 Bernardo
2226 1838 2364 1880 Eybrim’

743 1893 780 1924 de
792 1893 996 1934 Perpiniano,
1013 1893 1284 1924 ambasciatoribus
1298 1894 1407 1925 Jacobi
1424 1894 1505 1935 reqis
1522 1894 1760 1934 Majoricwum,
1778 1894 1849 1934 qui,
1866 1895 1904 1926 ut
1922 1893 2126 1934 praedictum
2144 1895 2211 1932 est,
2227 1892 2269 1924 ab
2286 1901 2363 1933 ep.o

742 1947 863 1978 Elnen.
883 1947 1169 1978 excommunicati
1191 1947 1342 1985 fuerunt,
1359 1949 1392 1979 et
1412 1948 1508 1980 citati
1525 1948 1568 1980 ad
1587 1948 1620 1980 S.
1642 1949 1683 1980 A.
1710 1949 1891 1984 venerunt,
1910 1948 2114 1988 prorogatur
2131 1955 2242 1988 usque
2257 1946 2300 1978 ad
2312 1955 2365 1979 oc-

742 2002 839 2032 tavas
858 2001 1136 2032 Resurrectionis
1152 2001 1293 2033 Domini
1313 2001 1485 2033 absolutio
1506 2002 1594 2043 ipsis
1613 2011 1632 2034 a
1650 2002 1823 2035 Gasberto‘
1844 2001 2020 2042 archiep.o
2036 2001 2245 2039 Arelatensi,
2262 2001 2365 2041 Papae

742 2055 942 2092 camerario,
959 2055 999 2086 de
1016 2055 1100 2087 eisd.
1120 2055 1301 2087 sententiis
1315 2056 1357 2087 ad
1373 2056 1543 2087 cautelam
1559 2065 1722 2087 concessa
1735 2058 1768 2088 et
1781 2056 1980 2097 hujusmodi
1996 2055 2190 2088 conditione
2206 2054 2364 2095 apposita

742 2109 833 2149 quod
850 2108 981 2139 tamdiu
998 2109 1170 2141 absolutio
1188 2108 1386 2149 hujusmodi
1403 2110 1605 2150 perduraret
1619 2110 1785 2151 quamdiu
1806 2110 1841 2141 in
1857 2110 2013 2142 Romana
2029 2110 2124 2142 curia
2141 2109 2364 2141 residentiam

743 2163 904 2200 facerent,
923 2162 1058 2194 etiamsi
1086 2163 1198 2194 medio
1215 2164 1369 2203 tempore
1386 2163 1482 2204 ipsos
1506 2164 1547 2195 de
1571 2164 1663 2195 dicta
1683 2164 1779 2196 curia
1796 2164 1955 2196 recedere
1974 2164 2120 2196 forsitan
2140 2164 2364 2204 contingeret.

744 2217 828 2248 Cum
843 2217 998 2248 clausula
1013 2217 1103 2256 quod
1123 2218 1200 2257 post
1224 2217 1403 2257 praedictas
1424 2219 1562 2250 octavas
1579 2218 1614 2249 in
1631 2219 1763 2250 eisdem
1781 2218 1963 2250 sententiis
1981 2218 2146 2255 recidant,
2168 2217 2237 2249 nisi
2251 2217 2365 2249 medio

742 2271 896 2309 tempore
915 2279 1019 2310 super
1037 2270 1099 2302 hoc
1122 2270 1213 2302 dicta
1237 2271 1337 2302 sedes
1364 2271 1459 2302 aliud
1477 2272 1616 2303 duxerit
1638 2271 1878 2304 ordinandum.
1902 2272 1954 2312 (Α.
1985 2273 2037 2310 24,
2055 2271 2079 2303 f.
2104 2273 2165 2304 316
2189 2271 2220 2309 ¹³5
2248 2270 2284 2303 V.
2311 2272 2364 2309 80,

745 2332 798 2363 ep.
817 2325 902 2362 512.)

793 2373 929 2405 24170.
948 2395 988 2399 -
1009 2377 1177 2418 Archiep.o
1197 2377 1375 2410 Coloniensi
1393 2382 1421 2408 el
1442 2388 1512 2420 ep.o
1531 2378 1757 2420 Osnaburqemi
1774 2379 1888 2410 mand.
1906 2379 1943 2410 ut
1967 2379 2129 2410 inducant
2144 2378 2366 2411 Fredericum

745 2430 786 2461 de
801 2430 983 2471 Scalaberg
998 2431 1057 2471 qui
1074 2440 1110 2463 se
1128 2440 1189 2471 pro
1203 2440 1307 2472 praep.
1327 2432 1408 2463 eccl.
1425 2432 1601 2464 Caminen.
1618 2441 1736 2473 gerere
1752 2432 1891 2471 dicitur,
1909 2433 1943 2464 et
1959 2432 2144 2464 nonnullos
2157 2432 2267 2472 eJusd.
2282 2431 2364 2464 eccl.

745 2492 832 2520 can„
850 2492 888 2515 ac
904 2493 1022 2515 omnes
1040 2484 1127 2516 alios
1141 2485 1311 2516 vassallos
1331 2487 1365 2517 et
1381 2485 1539 2517 subditos
1555 2486 1666 2526 ipsius
1683 2486 1778 2526 eccl.,
1802 2486 1844 2518 ad
1862 2486 2098 2526 recipiendum
2120 2485 2313 2518 Arnoldum
2330 2486 2367 2518 in

746 2545 862 2577 ep.um
886 2538 1139 2576 Caminensem,
1155 2547 1216 2578 per
1235 2539 1273 2569 P.
1293 2539 1333 2571 P.
1358 2540 1435 2579 post
1463 2539 1595 2571 obitum
1621 2540 1782 2579 Com-adi,
1812 2540 1939 2580 praevia
1965 2541 2130 2571 reservat.
2149 2541 2365 2580 promotum

745 2590 827 2622 dicti
844 2591 937 2622 enim
955 2600 1058 2632 praep.
1077 2593 1109 2623 et
1128 2601 1214 2630 can.,
1232 2592 1359 2624 litteris
1379 2596 1488 2633 apost.
1515 2593 1567 2625 eis
1589 2594 1817 2634 praesentatis,
1845 2594 2096 2634 responderunt
2114 2602 2151 2626 se
2173 2594 2254 2625 illas
2274 2594 2366 2627 nolle

745 2645 908 2685 recipere,
931 2654 991 2677 nec
1014 2646 1055 2677 de
1074 2646 1142 2677 alio
1163 2655 1239 2687 ep.o
1256 2648 1412 2679 constare
1434 2647 1522 2687 ipsis
1540 2648 1608 2679 nisi
1625 2649 1758 2680 tantum
1780 2648 1820 2679 de
1838 2656 1900 2679 suo
1917 2649 1950 2679 et
1967 2647 2208 2680 canonicorum
2224 2657 2366 2680 suorum

746 2699 867 2737 electo,
886 2707 1000 2739 quem,
1015 2700 1122 2731 donec
1137 2700 1252 2740 ipsum
1269 2700 1428 2732 electioni
1444 2701 1485 2732 de
1502 2710 1538 2732 se
1555 2701 1652 2734 factae
1673 2702 1870 2733 renuntiare
1886 2701 2108 2742 contingeret,
2125 2701 2290 2734 haberent
2304 2711 2366 2743 pro

746 2760 822 2792 ep.o
840 2754 873 2784 et
895 2753 930 2784 in
954 2761 1070 2794 ep.um
1089 2754 1348 2794 exspectarent3
1368 2754 1398 2785 si
1422 2763 1503 2786 vero
1529 2755 1660 2787 dictum
1679 2755 1826 2787 electum
1843 2755 1985 2793 cassari,
2002 2755 2057 2787 vel
2075 2756 2190 2796 ipsum
2207 2756 2366 2789 electioni

744 2806 943 2847 hujusmodi
965 2807 1161 2840 renuntiare
1183 2808 1405 2848 contingeret,
1424 2809 1549 2840 extunc
1570 2810 1612 2840 ad
1632 2809 1734 2841 aliam
1757 2809 1959 2842 electionem
1981 2811 2203 2842 asseruerunt
2227 2819 2263 2842 se
2288 2819 2364 2851 pro-

746 2869 906 2892 cessuros
925 2860 1176 2893 celebrandam.
1196 2862 1249 2901 (A.
1272 2863 1325 2900 24,
1344 2861 1367 2894 f.
1383 2863 1444 2894 312
1460 2862 1491 2899 b;
1515 2862 1550 2894 V.
1566 2864 1617 2901 80,
1635 2872 1688 2903 ep.
1707 2865 1793 2903 520.)

792 2911 930 2944 24171.
947 2932 987 2938 -
1007 2914 1165 2947 Germano
1191 2914 1302 2952 Celati,
1328 2916 1409 2948 cler.
1435 2916 1631 2949 Narbonen.
1652 2917 1713 2954 di.,
1730 2917 1840 2958 gratia
1865 2927 1962 2959 exsp.
1985 2918 2098 2951 benef.
2121 2919 2162 2960 (c.
2187 2927 2215 2950 c.
2235 2920 2294 2951 100
2312 2919 2366 2951 vel

747 2977 774 2999 s.
793 2977 821 2999 0.
838 2970 879 3000 50
898 2968 920 3000 l.
940 2969 982 3010 t.)
997 2968 1031 3000 in
1049 2969 1143 3001 civit.
1167 2969 1223 3001 vel
1239 2969 1286 3001 di.
1306 2969 1516 3009 Narbonen.‚
1537 2971 1660 3011 pertin.
1687 2971 1727 3002 ad
1747 2971 1861 3004 collat.
1880 2972 2045 3013 arc-hiep.i
2060 2972 2307 3005 Narbonensis.
2327 2990 2366 2996 —
