2540 3496
329 290 388 322 148

358 379 463 406 Datum
487 371 671 407 Avenione.

352 483 370 509 9
387 485 417 517 (v
434 480 489 515 id.)
503 487 567 516 apr.
588 478 677 507 1³26.

413 526 446 554 Τ.
467 526 525 558 XII,
546 523 614 552 xlv.

475 746 554 773 Uts.

434 791 464 817 T.
481 790 514 824 X,
530 789 589 816 XII.

472 1172 553 1199 Uts.
591 1165 594 1168 ’

446 1217 476 1245 Τ.
497 1217 578 1244 XXX.

476 1761 511 1789 Ut
532 1770 555 1789 s.

421 1808 451 1835 T.
469 1808 515 1841 XI,
531 1807 602 1834 XIll.

474 2031 550 2059 Uts.

460 2077 491 2103 T.
509 2077 565 2103 XX.

476 2245 511 2272 Ut
528 2253 552 2271 s.

387 2289 419 2317 Τ.
435 2289 516 2322 XXX,
537 2289 642 2316 XXXII.

387 2458 642 2537 T.x;3,}xvn.

476 2619 510 2646 ct
527 2628 551 2647 s.

461 2664 492 2691 Τ.
511 2664 569 2691 ΧΧ.

473 2780 509 2807 Ut
530 2788 553 2807 s.

458 2825 489 2851 T.
510 2824 568 2851 XX.

472 2888 508 2915 Ut
523 2896 547 2915 s.

387 2932 640 2967 T.xxx,xxxn.

706 1254 711 1257 ,
753 1223 836 1260 rani,
853 1220 1096 1262 Montisreqalis,
1120 1220 1345 1252 Carcassonen.
1366 1220 1426 1259 di„

737 284 911 316 JOANNIS
935 283 1053 314 PAPAE
1075 281 1177 312 XXII.
1201 279 1452 321 (1316-1334).
1476 297 1513 302 —
1536 277 1724 309 Ll'rTERAE
1747 277 1975 310 COMMUNES

800 471 940 505 24852.
955 491 992 497 -
1010 472 1136 502 Alberto
1153 470 1190 502 de
1214 469 1437 516 Griestemberq
1459 478 1555 509 prov.
1579 478 1700 501 canon.
1715 469 1780 501 sub
1801 469 2019 511 exsp.-proeb.
2038 471 2121 503 eccl.
2137 480 2166 503 s.
2185 472 2363 505 Michaelis

756 530 920 560 Beronen.
939 525 1172 557 constantien.
1191 523 1237 554 di.
1247 532 1256 561 ;
1279 531 1358 554 cum
1376 522 1569 554 cassatione
1584 522 1792 563 receptionis
1809 523 1920 563 ipsius
1937 523 1974 555 in
1989 532 2063 556 can.
2079 525 2188 565 eJusd.
2206 526 2290 558 eccl.
2309 534 2369 566 per

755 581 855 621 capit.
875 580 982 611 factae.
995 596 1034 602 —
1054 578 1080 608 Ι.
1097 586 1127 608 e.
1144 586 1190 608 m.
1208 575 1285 608 abb.
1303 577 1452 608 monast.
1469 576 1504 608 in
1519 576 1729 617 Nigrasilva,
1746 578 1780 622 et
1794 585 1899 617 praep.
1915 577 2183 616 columbarien„
2200 578 2368 611 Constan-

754 634 836 666 tien.
855 635 887 664 et
903 632 1068 664 Basilien.
1079 631 1138 667 di„
1152 639 1189 661 ac
1206 629 1438 670 mag.-Jacobo
1452 629 1494 661 de
1509 629 1654 668 Mutina,
1668 638 1742 662 can.
1762 630 1978 662 cameracen.
1995 631 2078 663 eccl.
2095 631 2151 672 (A.
2162 633 2216 671 24,
2231 632 2255 664 f.
2270 634 2368 672 690·;

760 687 795 718 V.
811 688 863 724 81,
881 695 934 725 ep.
955 686 1060 724 1507.)
1687 725 1691 729 .

800 737 935 769 24853.
953 757 992 762 -
1007 738 1125 769 Joarmi
1142 737 1180 769 de
1195 736 1325 779 Capella
1340 737 1478 769 collatio
1492 745 1611 769 canon.
1630 737 1711 769 eccl.
1729 745 1758 769 s.
1773 737 1866 769 Justi
1881 737 2126 779 Lugdunensis
2141 740 2177 771 in
2192 749 2271 781 qua,
2291 740 2370 772 licet

754 794 800 825 sit
823 794 936 825 certus
963 801 1036 823 can.
1054 799 1231 829 numerus,
1252 790 1356 831 praeb.
1376 791 1492 823 tamen
1510 791 1686 836 distinctio
1703 799 1771 823 non
1786 791 1922 830 existit3
1937 800 2006 824 non
2023 791 2112 824 obst.
2135 793 2172 825 in
2188 793 2367 826 Belvacen.

754 846 818 878 sub
831 855 927 886 exsp.
947 845 1064 886 presb„
1082 854 1120 876 ac
1136 845 1170 876 in
1188 845 1388 889 Lugdunen.
1404 845 1619 876 et-Viennen.
1635 844 1718 876 eccl.
1734 853 1868 882 canon..
1883 853 1927 886 ex
1941 844 2068 886 quibus
2084 846 2134 878 nil
2149 846 2295 887 percipit
2309 855 2370 879 nec

753 900 928 940 percipere
945 891 1054 939 usque
1071 899 1114 930 ad
1135 898 1287 930 maxima
1308 898 1476 938 temporis
1499 898 1612 939 spatia
1634 899 1763 939 sperat,
1779 907 1817 930 ac
1833 898 1988 939 prioratu
2008 899 2123 931 saecul.
2142 900 2224 932 eccl.
2241 909 2271 933 s.
2285 900 2370 933 Cru-

753 954 803 985 cis
821 954 861 985 de
879 952 1035 985 Montilio
1058 952 1236 984 Ademarii
1252 953 1426 993 spectante
1443 952 1486 984 ad
1511 961 1668 984 mensam
1683 952 1810 992 prioris
1825 953 1866 984 de
1889 952 2050 993 Ayguino
2066 953 2106 986 Ο.
2123 953 2158 986 S.
2177 954 2228 992 B.,
2245 954 2369 986 Valen-

753 1008 815 1039 tin.
833 1008 866 1038 et
882 1007 1049 1038 Viennen.
1066 1006 1126 1044 di.,
1143 1006 1232 1046 (651.
1250 1007 1275 1038 t.
1293 1014 1360 1038 non
1371 1005 1640 1046 excedentibus).
1653 1023 1691 1029 —
1708 1005 1734 1037 1.
1750 1014 1780 1037 e.
1797 1014 1843 1038 m.
1857 1006 1966 1047 priori
1985 1015 2013 1038 s.
2031 1006 2154 1039 Irenaei
2168 1007 2371 1048 Lugdunen-

754 1061 815 1099 sis,
839 1063 873 1092 et
899 1069 1002 1100 praep.
1025 1059 1196 1096 Anicien.,
1217 1050 1268 1107 'ac'
1292 1059 1420 1091 archid.
1447 1059 1647 1097 Benascen„
1675 1059 1824 1092 Ilei-den.
1853 1059 1936 1092 eccl.
1957 1060 2009 1099 (A.
2027 1061 2080 1096 24,
2097 1060 2121 1092 f.
2138 1062 2199 1093 720
2211 1065 2242 1099 ⁸3
2262 1061 2299 1093 V.
2316 1062 2369 1102 81,

754 1124 806 1155 ep.
827 1115 932 1153 1545.)

799 1162 935 1197 24854.
954 1186 991 1191 -—
1011 1167 1116 1208 Maqq.
1132 1165 1294 1198 Armando
1317 1166 1354 1197 de
1376 1167 1537 1202 Narcesio,
1553 1177 1578 1199 ε.
1598 1167 1753 1208 Stephani
1771 1167 2009 1211 Monstsalbast,
2028 1172 2057 1198 et
2083 1167 2256 1200 Raimundo
2278 1168 2368 1200 Sobi-

1161 1212 1164 1215 ’
1446 1220 1583 1260 decanis,
1603 1231 1638 1251 ac
1662 1220 1797 1252 Oliverio
1818 1221 1854 1252 de
1873 1221 2013 1258 Ser-zeto,
2034 1231 2102 1254 can.
2119 1221 2264 1254 AEduen.
2281 1222 2368 1262 eccl..

754 1276 868 1308 mand.
887 1276 923 1307 ut
943 1275 1131 1307 Guillelmo
1146 1275 1187 1306 de
1205 1274 1331 1312 Auxio‚
1348 1283 1424 1314 nep.
1440 1274 1472 1306 b.
1490 1283 1556 1306 me.
1572 1275 1715 1306 Arnalcli
1729 1275 1798 1316 ep.i
1815 1275 2036 1316 Albanensis,
2055 1276 2232 1308 conferant
2248 1285 2367 1309 canon.

754 1332 787 1362 et
805 1329 908 1370 praeb.
931 1329 1013 1361 eccl.
1033 1328 1303 1366 Cameracensis,
1319 1337 1392 1360 vac.
1409 1336 1469 1368 per
1489 1328 1621 1360 obitum
1630 1328 1816 1373 -Michaelis
1836 1329 2051 1368 Ascloketes,
2069 1329 2172 1370 Papae
2188 1339 2261 1371 cap.
2280 1339 2371 1363 com-

754 1384 931 1421 mensalis,
950 1392 1025 1423 quae
1041 1383 1152 1414 eidem
1165 1382 1352 1414 Guillelmo
1369 1382 1464 1422 Papa
1482 1391 1542 1422 per
1557 1382 1645 1414 alias
1662 1391 1743 1414 suas
1760 1382 1826 1415 litt.
1840 1383 2042 1419 contulerat,
2059 1384 2096 1415 in
2113 1383 2240 1424 quibus
2253 1384 2293 1416 de
2309 1381 2370 1416 lite

755 1438 843 1469 inter
861 1438 990 1469 dictum
1007 1436 1208 1468 Michaelem
1225 1437 1259 1467 et
1273 1436 1375 1476 capit.
1395 1436 1627 1474 Cameracen„
1644 1445 1687 1468 ex
1705 1445 1786 1475 una,
1804 1438 1838 1469 et
1850 1437 2087 1478 Alexandrum
2105 1438 2312 1470 Maurentin.
2329 1437 2371 1470 de

755 1491 911 1524 Venetiis
932 1492 1012 1522 tunc
1036 1490 1131 1526 cler.,
1147 1489 1303 1529 partibus
1325 1489 1498 1527 ex-altera,
1517 1489 1552 1520 in
1569 1490 1730 1522 Romana
1743 1490 1839 1522 curia
1857 1492 2010 1523 vertente
2027 1500 2133 1532 super
2155 1491 2246 1524 dicta
2266 1491 2371 1532 proeb.

756 1555 830 1586 quae
846 1547 918 1577 erat
939 1544 1174 1580 sacerdotalis,
1195 1552 1238 1575 ex
1254 1534 1382 1575 statuto
1398 1543 1526 1583 ipsius
1524 1543 1605 1585 eccl.
1625 1553 1686 1584 per
1703 1544 1737 1576 S.
1754 1544 1797 1575 A.
1820 1544 2032 1588 confirmato,
2053 1545 2181 1577 mentio
2197 1545 2287 1577 facta
2305 1554 2374 1577 non

757 1600 837 1636 fuit,
859 1607 925 1630 non
942 1591 1029 1629 obst.
1047 1599 1081 1629 in
1097 1597 1282 1629 Bituricen.
1302 1598 1335 1628 et
1353 1605 1381 1628 s.
1397 1597 1491 1629 Petri
1507 1597 1548 1642 de
1570 1598 1724 1629 Romevo
1740 1606 1859 1629 canon.
1878 1599 1912 1630 et
1925 1586 2046 1639 praeb„
2063 1607 2102 1630 ac
2116 1599 2152 1630 in
2169 1599 2212 1631 de
2222 1599 2369 1640 -Fayavi-

756 1661 840 1684 nosa
864 1651 1071 1692 archipresb.
1097 1660 1125 1683 c.
1150 1660 1191 1689 c.,
1210 1641 1432 1682 Condomien.
1452 1652 1485 1682 et
1505 1639 1679 1683 Pictaven.
1695 1651 1755 1690 di.‚
1776 1653 1809 1683 et
1825 1652 1860 1683 in
1875 1653 1916 1684 B.
1925 1653 1980 1684 ..Μ
1998 1652 2140 1693 Majoris
2157 1652 2371 1685 Pictavensis

756 1707 837 1738 eccl.
855 1715 973 1737 canon.
989 1705 1053 1736 sub
1067 1714 1163 1745 exsp.
1180 1696 1284 1745 praeb
1303 1704 1358 1744 (A.
1377 1706 1429 1740 25,
1445 1704 1468 1735 f.
1482 1705 1552 1736 81·
1561 1704 1628 1740 ;V.
1645 1705 1697 1741 81,
1716 1713 1769 1745 ep.
1792 1706 1897 1745 1681.)

801 1757 940 1790 24855.
960 1777 998 1782 -
1017 1758 1181 1790 Guillelmo
1198 1763 1272 1789 nato
1288 1758 1476 1799 Berenqarii
1490 1758 1528 1790 de
1549 1769 1574 1789 s.
1596 1758 1756 1790 Vincentio
1773 1768 1869 1799 prOV.
1883 1768 2001 1791 canon.
2018 1760 2100 1792 eccl.
2112 1760 2291 1801 Urgellen.
2307 1759 2372 1792 suh

757 1823 852 1854 exsp.
871 1813 989 1854 praeb,
1013 1813 1121 1853 dign„
1140 1813 1194 1844 vel
1213 1814 1417 1852 personatus
1443 1821 1504 1844 seu
1521 1812 1596 1850 off.;
1612 1821 1680 1844 non
1703 1812 1791 1844 obst.
1809 1813 1844 1844 in
1861 1813 2055 1845 Gerunden.
2076 1815 2109 1845 et
2124 1814 2297 1846 Valentin.
2320 1823 2374 1846 ca-

757 1877 834 1899 non.
854 1867 918 1898 sub
935 1876 1031 1907 exsp.
1050 1867 1166 1907 presb„
1182 1875 1220 1897 ac
1235 1866 1268 1897 in
1283 1866 1357 1897 ead.
1369 1866 1565 1898 Gerunden.
1580 1866 1661 1897 eccl.
1681 1867 1908 1906 praepositura
1923 1876 1951 1899 s.
1970 1876 2012 1905 c.,
2029 1876 2104 1908 quae
2118 1867 2205 1899 alias
2217 1868 2374 1899 mensata

757 1922 882 1953 dicitur
899 1930 1041 1961 quaeque
1061 1929 1120 1952 nec
1140 1921 1230 1960 dign.
1250 1929 1311 1951 nec
1335 1921 1540 1960 personatus
1557 1920 1688 1951 existit.
1707 1938 1745 1943 —
1759 1920 1787 1951 I.
1805 1929 1835 1952 e.
1848 1930 1893 1952 m.
1907 1921 2049 1959 archid„
2067 1923 2100 1953 et
2116 1921 2291 1953 Bernardo
2306 1921 2373 1953 Na·

756 1975 992 2013 talis,Vicen.,
1008 1983 1046 2006 ac
1063 1975 1166 2005 Petro
1184 1974 1225 2005 de
1242 1972 1583 2010 Abbatia,Valentin.
1603 1982 1677 2005 can.
1697 1974 1778 2005 eccl.
1797 1974 1912 2018 (Α.25,
1931 1975 1953 2006 f.
1969 1976 2009 2006 89
2024 1980 2054 2013 ¹3
2076 1974 2114 2006 V.
2127 1976 2180 2012 80,-
2194 1983 2248 2015 ep.
2267 1974 2374 2015 1694.)

802 2026 939 2059 24856.
959 2046 996 2051 —
1014 2022 1145 2059 Archid.
1166 2026 1315 2068 Urqelleci
1329 2032 1358 2058 et
1381 2026 1624 2058 Vallisandorrae
1649 2027 1818 2068 Urqellen„
1837 2038 1873 2059 ac
1890 2030 2076 2070 pra-centeri
2095 2033 2124 2060 et
2139 2029 2277 2060 sacrista}
2295 2027 2373 2060 Bar-

758 2082 918 2114 chinonen.
939 2082 1010 2112 eccl.
1029 2082 1141 2113 mand.
1160 2083 1196 2113 ut
1214 2081 1447 2113 Raimundum
1463 2082 1582 2113 natum
1597 2082 1796 2122 Berengarii
1816 2082 1857 2114 de
1875 2091 1902 2114 s,
1919 2083 2113 2121 Vincentio,
2135 2082 2216 2114 cler.
2236 2082 2373 2115 Barchi-

758 2146 879 2168 nonen.
892 2137 953 2173 di.‚
969 2136 1074 2176 recipi
1090 2135 1213 2166 faciant
1234 2135 1267 2166 in
1284 2135 1430 2167 ecclesia
1445 2135 1669 2173 Terdonensi,
1681 2136 1720 2168 O.
1739 2136 1773 2168 S.
1788 2136 1844 2174 A.‚
1858 2136 1893 2167 in
1905 2145 1973 2176 qua
1989 2138 2102 2168 certus
2118 2145 2191 2168 can.
2209 2145 2375 2168 numerus

758 2191 907 2222 existere
924 2190 1060 2221 dicitur.
1077 2190 1129 2228 (A.
1147 2191 1198 2226 25,
1223 2189 1247 2220 f.
1266 2190 1323 2220 102
1339 2188 1368 2227 h;
1392 2188 1428 2220 V.
1446 2189 1498 2228 81,
1516 2197 1569 2229 ep.
1590 2189 1696 2230 1727.)
1790 2231 1792 2234 Ι

803 2241 939 2273 24857.
958 2261 996 2266 -
1027 2243 1156 2274 Gastom‘
1183 2252 1253 2284 ep.o
1271 2242 1394 2273 Oscensi
1417 2243 1539 2274 indult.
1564 2243 1729 2274 visitandi
1748 2252 1809 2284 per
1835 2243 1941 2275 alium
1962 2243 2004 2275 ad
2029 2243 2208 2275 biennium
2230 2252 2323 2284 pers.
2340 2245 2373 2276 et

758 2298 832 2329 loca
848 2298 1037 2329 ecclesiast.
1056 2306 1198 2328 suarum
1211 2297 1303 2328 civit.
1321 2298 1353 2328 et
1367 2297 1427 2334 di„
1445 2298 1477 2328 et
1496 2297 1755 2336 procurationes
1770 2297 1805 2328 in
1818 2297 1963 2337 pecunia
1977 2299 2156 2329 numerata
2173 2297 2372 2338 recipiendi.

725 2346 727 2374 ἲ
759 2368 796 2374 -
811 2351 837 2382 Ι.
858 2361 887 2383 e.
912 2360 957 2382 m.
975 2351 1095 2391 majori
1113 2353 1144 2382 et
1170 2350 1415 2390 Rippaecursiae
1429 2350 1591 2388 Ilei-den„
1610 2352 1640 2382 et
1655 2351 1866 2383 Galcerando
1881 2351 2036 2388 Zacosta,
2054 2351 2222 2391 Urgelleti
2239 2353 2273 2384 et
2293 2351 2374 2383 Val-

758 2405 959 2436 lisandorrae
977 2405 1151 2444 Urgellen.
1169 2404 1332 2436 archid.is
1351 2404 1431 2435 eccl.
1453 2404 1504 2443 (A.
1516 2405 1568 2441 25,
1587 2405 1610 2436 f.
1626 2405 1688 2435 262
1700 2404 1728 2441 ¹³3
1749 2404 1784 2436 V.
1798 2406 1850 2442 81,
1867 2413 1920 2445 ep.
1939 2404 2048 2445 2¹46.)

803 2456 941 2488 24858.
956 2476 995 2481 -—-
1010 2458 1124 2489 Eidem
1144 2458 1342 2498 indulgetur
1357 2459 1395 2489 ut
1413 2467 1444 2488 v1
1464 2457 1544 2489 cler.
1566 2457 1640 2503 ejus
1657 2458 1836 2490 domestici
1856 2457 2118 2496 commensales,
2139 2454 2251 2498 ipsius
2271 2458 2373 2490 insis-

758 2514 868 2544 tentes
898 2512 1087 2551 obsequiis,
1119 2512 1250 2543 fructus
1274 2511 1427 2543 omnium
1452 2511 1564 2542 benef.
1592 2520 1733 2542 suorum
1757 2512 1799 2543 ad
1821 2511 2009 2543 triennium
2031 2512 2160 2552 integre
2183 2512 2376 2552 percipiant

759 2566 887 2605 absque
905 2566 1101 2597 residentia.
1119 2583 1159 2588 —
1178 2566 1205 2596 Ι.
1223 2574 1252 2597 e.
1271 2574 1315 2596 m.
1334 2566 1372 2596 ut
1390 2573 1418 2595 s.
1436 2565 1491 2603 (A.
1513 2566 1565 2602 25,
1578 2564 1601 2595 f.
1619 2566 1679 2596 277
1700 2570 1728 2603 ·;
1755 2565 1793 2596 V.
1807 2566 1861 2603 81,
1876 2574 1928 2606 ep.
1943 2566 2050 2603 2169.)

805 2616 941 2648 24859.
961 2636 1000 2641 -—
1022 2619 1134 2649 Eidem
1152 2619 1323 2650 indultum
1342 2620 1379 2650 ut
1395 2618 1571 2650 confessor
1589 2618 1658 2658 ipsi
1674 2618 1781 2650 semel
1800 2618 1935 2650 tantum
1954 2618 1989 2649 in
2005 2619 2128 2650 mortis
2144 2618 2287 2650 articulo
2304 2619 2372 2659 ple-

759 2681 838 2703 nam
870 2673 1022 2704 omnium
1051 2674 1267 2712 peccatorum
1299 2681 1439 2704 suorum
1469 2672 1710 2703 remissionem
1735 2672 1919 2719 concedere
1941 2671 2063 2712 possit.
2089 2672 2143 2712 (A.
2159 2673 2212 2711 25,
2227 2672 2250 2703 f.
2266 2673 2326 2704 278
2339 2677 2372 2709 ·;

765 2726 798 2757 V.
818 2727 869 2763 81,
887 2735 939 2766 ep.
956 2726 1062 2765 2170.)

805 2777 941 2808 24860.
963 2797 1000 2802 -
1017 2780 1151 2820 Indulg.
1173 2790 1188 2810 c
1202 2780 1336 2811 dierum
1357 2780 1400 2810 ad
1419 2779 1604 2811 triennium
1630 2779 1869 2820 eleemosynas
1891 2779 2111 2825 erogantibus
2129 2779 2172 2811 ad
2189 2780 2375 2820 reparatio·

759 2842 838 2864 nem
858 2833 939 2864 eccl
958 2833 1131 2871 Oscensis,
1149 2834 1294 2873 supplic
1308 2834 1458 2866 Gastone
1473 2833 1649 2880 praedicto.
1668 2833 1723 2874 (A.
1740 2834 1792 2870 25,
1810 2832 1836 2864 f.
1850 2832 1954 2869 277b;
1973 2833 2013 2864 V.
2033 2834 2085 2871 81,
2104 2841 2157 2873 ep.
2175 2833 2284 2874 2171.)

806 2883 943 2916 24861.
961 2905 998 2910 -
1015 2886 1129 2918 Eidem
1146 2887 1273 2918 Gastoni
1287 2887 1388 2918 facul.
1401 2887 1558 2927 exigendi
1575 2886 1790 2918 moderatum
1806 2885 2013 2925 subsidium,
2031 2895 2092 2926 pro
2110 2886 2374 2919 manutenendis

758 2940 895 2980 juribus
913 2940 993 2971 eccl.
1017 2949 1099 2976 suae,
1118 2950 1136 2971 a
1154 2941 1326 2972 canonicis
1345 2941 1443 2972 dictae
1465 2941 1587 2972 Oscen.
1606 2942 1639 2972 et
1660 2940 1809 2976 Jaccen.,
1832 2949 1903 2972 suae
1918 2940 1979 2978 di.',
1997 2940 2093 2978 eccl„
2110 2940 2256 2980 aliisque
2278 2948 2372 2981 pers.

726 2987 728 3015 ῗ
761 2993 949 3025 ecclesiast.
975 2993 1065 3024 infra
1082 2994 1236 3025 eamdem
1259 2994 1304 3025 di.
1330 2993 1564 3025 obtinentibus
1588 2993 1785 3034 dignitates,
1811 2994 1949 3026 etiamsi
1972 2993 2123 3034 exempti
2149 2994 2312 3032 existant,
2334 3001 2375 3025 ac
