2540 3496
335 309 393 340 198

370 397 473 424 Datum
491 389 672 424 Avenione.

405 498 446 526 20
461 498 530 526 maii
547 496 633 524 1326.

404 545 470 578 (xm
487 542 546 569 kal.
560 541 636 576 jun.)

445 587 474 614 T.
494 585 590 614 XVIII.

478 923 513 950 Ut
533 931 557 949 s.

423 968 455 997 Τ.
469 967 516 1001 Χι,
532 966 605 995 xm.

471 1082 508 1110 Ut
532 1090 556 1109 s.

423 1127 453 1154 T.
470 1126 516 1160 XI,
534 1126 605 1153 XIII.

470 1190 506 1217 Ut
526 1198 549 1216 s.

422 1234 452 1261 T.
470 1234 516 1267 XI,
536 1233 608 1260 XIII.

475 1297 511 1324 Ut
527 1305 550 1324 s.

420 1342 450 1368 T.
467 1342 513 1375 xl,
531 1341 604 1368 XIII.

473 1405 509 1432 Ut
526 1412 549 1431 s.

422 1450 454 1477 T.
470 1449 516 1481 XI,
532 1449 605 1477 XIII.

473 1511 507 1539 Ut
527 1519 550 1538 s.

418 1557 449 1584 T.
469 1556 516 1591 XI,
535 1556 607 1583 XIII.

476 1620 510 1648 Ut
527 1628 551 1647 s.

421 1665 452 1692 T.
471 1665 517 1699 XI,
532 1665 602 1692 XIII.

475 1729 510 1755 Ut
527 1736 551 1755 s.

458 1773 487 1800 T.
509 1772 564 1799 LX.

467 1996 503 2024 Ut
521 2005 546 2026 s.

457 2041 486 2069 T.
509 2041 563 2068 LX.

474 2105 509 2132 Ut
527 2113 550 2132 s.

420 2149 449 2176 T.
468 2149 514 2183 xl,
532 2149 603 2176 xm.

473 2265 507 2292 Ut
523 2273 546 2292 s.

458 2310 488 2336 T.
506 2309 562 2339 XL.

468 2640 505 2668 Ut
524 2649 547 2668 S.

412 2686 442 2712 T.
459 2686 532 2720 XIll,
549 2686 605 2713 XV.

468 2962 502 2989 Ut
523 2971 546 2989 s.

716 299 890 332 ΙΙΟΑΝΝΙΞ
915 297 1033 328 PAI'AE
1057 296 1159 325 XXII.
1185 294 1435 331 (1316-13345.
1452 311 1489 314 —
1514 290 1701 320 LITTERAE
1724 289 1952 321 COMMUNES

810 486 946 519 25384.
969 507 1005 511 -
1024 485 1201 518 Bertrando
1218 495 1242 516 s.
1264 483 1406 515 Marcelli
1421 483 1524 524 presb.
1542 481 1641 520 card„
1658 482 1697 513 A.
1717 481 1752 513 S.
1772 481 1886 522 leqato,
1904 482 2018 514 mand.
2037 483 2075 514 ut
2091 482 2243 523 inquirat
2262 484 2295 514 et
2314 483 2378 514 Pa-

764 553 842 584 pam
858 542 1020 574 informet
1037 541 1077 572 de
1095 540 1211 570 valore
1230 538 1396 569 bonorum
1413 536 1637 572 Marchexoti,
1661 535 1914 575 Bartholomaei,
1931 535 2107 567 Francisci
2121 537 2154 568 et
2174 535 2294 568 Uberti
2309 536 2376 569 fra-

764 600 853 628 trum
875 595 1108 627 marchionum
1129 593 1169 624 de
1194 592 1358 632 Sypiono‚
1385 590 1578 627 Thomaxii,
1598 589 1728 622 Axerbi
1745 592 1777 621 et
1791 589 1936 621 Gerardi
1958 589 1999 621 de
2026 589 2192 630 Bai-gone,
2218 589 2377 628 fratrum,

761 649 880 682 Jacobi
895 650 935 680 de
950 650 1117 688 Bargone‚
1135 645 1259 678 Coradi
1275 647 1308 676 et
1328 644 1524 676 Thomassii
1540 644 1581 675 de
1595 643 1746 684 Scarpis,
1765 644 1797 675 et
1811 642 1984 675 Bonifacii
2002 651 2039 674 ac
2056 643 2212 684 Roglerii
2226 643 2378 675 filiorum

761 706 793 735 et
811 703 983 734 haeredum
998 700 1169 741 quondam
1189 698 1400 731 Bernardoni
1417 698 1458 729 de
1477 697 1626 737 Scarpis,
1646 696 1774 728 civium
1790 697 1963 735 Parmen.‚
1978 696 2019 728 de
2035 697 2157 729 haeresi
2175 697 2292 729 forsan
2306 698 2377 738 ,iam

760 757 1011 791 damnatorum,
1030 763 1105 794 quae
1126 753 1265 793 quidem
1283 752 1372 784 bona
1390 751 1521 783 Paulus
1543 751 1584 782 de
1605 750 1814 791 Adigheriis,
1835 749 2062 783 ambasciator
2085 751 2277 783 communis
2294 751 2377 783 civi-

760 811 840 842 tatis
874 808 1082 843 Parmensis,
1115 806 1182 838 sibi
1216 807 1342 838 donare
1368 806 1465 846 petit,
1492 813 1569 836 cum
1594 813 1636 836 ex
1662 804 1944 836 condemnatione
1971 804 2169 844 hujusmodi
2195 805 2378 837 confiscata

760 864 839 895 sint.
860 863 911 903 (A.
930 863 980 900 25,
994 862 1014 892 f.
1029 863 1087 893 167
1101 866 1129 898 η
1154 860 1257 898 12:81,
1276 869 1329 900 ep.
1350 860 1454 898 1895.)

805 914 942 946 25385.
962 933 1000 938 —-
1020 915 1051 945 Z
1053 919 1156 950 anolo,
1172 919 1246 945 nato
1263 913 1417 955 quondam
1434 912 1553 943 Zannis
1570 912 1709 943 Ferrarii
1727 912 1764 943 de
1782 911 1957 944 Corticellis
1972 912 2198 950 marchionum,
2211 921 2306 952 prov.
2324 921 2374 944 ca-

758 980 836 1002 non.
856 970 920 1001 sub
937 978 1033 1009 exsp.
1062 968 1166 1008 praeb.
1194 968 1276 1000 eccl.
1300 967 1498 999 Januensis.
1527 983 1566 988 —
1583 966 1609 997 Ι.
1628 975 1657 998 e.
1684 975 1730 997 m.
1750 969 1786 998 ut
1805 975 1847 1006 s.,
1865 975 1898 997 n.
1929 967 2043 998 25372.
2070 966 2123 1005 (A.
2143 967 2194 1004 25,
2222 966 2245 997 f.
2265 968 2324 999 176
2347 971 2376 1003 ⁸;

766 1025 798 1055 V.
816 1025 868 1062 81,
886 1032 938 1063 ep.
962 1024 1066 1062 1898.)

803 1074 943 1108 25386.
961 1094 999 1099 —
1019 1075 1157 1108 Gerardo
1171 1079 1244 1106 nato
1259 1074 1415 1116 quondam
1431 1073 1567 1106 Rolandi
1581 1073 1618 1105 de
1632 1073 1810 1115 Adiyheriis
1825 1083 1922 1114 prov.
1939 1082 2058 1105 canon.
2078 1073 2143 1105 Sub
2158 1082 2254 1114 exsp.
2271 1073 2375 1114 proeb.

758 1132 838 1164 eccl.
858 1133 1031 1163 Cumanae.
1050 1149 1087 1153 —
1104 1131 1130 1161 Ι.
1151 1138 1180 1160 0.
1199 1138 1244 1160 m.
1265 1133 1300 1159 ut
1314 1138 1343 1160 s.
1361 1129 1414 1168 (A.
1430 1130 1480 1166 25,
1499 1128 1520 1160 f.
1541 1129 1600 1160 170
1619 1133 1651 1165 ⁸3
1671 1128 1708 1159 V.
1729 1130 1780 1163 81,
1800 1136 1852 1168 ep.
1873 1127 1979 1168 1900.)

804 1182 940 1214 25387.
958 1202 998 1207 -
1018 1183 1196 1223 Bonifacio,
1220 1188 1294 1213 nato
1318 1181 1472 1224 quondam
1498 1181 1640 1214 Ubercini
1663 1181 1699 1212 de
1716 1181 1909 1222 Adiyheriis,
1937 1190 2034 1221 prov.
2051 1190 2170 1213 canon.
2194 1181 2259 1213 sub
2278 1190 2375 1222 exsp.

758 1239 862 1280 praeb.
880 1238 960 1270 eccl.
981 1238 1162 1269 Paduanae.
1178 1255 1216 1260 ——
1234 1237 1261 1268 I.
1281 1246 1310 1268 e.
1328 1245 1372 1268 m.
1392 1238 1430 1267 ut
1446 1245 1473 1267 s.
1493 1235 1546 1275 (A.
1565 1237 1617 1273 25,
1639 1236 1660 1267 s.
1681 1237 1740 1266 177
1757 1235 1787 1273 ¹³3
1814 1236 1850 1267 V.
1870 1237 1920 1272 81,
1939 1244 1991 1275 ep.
2010 1236 2115 1275 1901.)

803 1289 943 1323 25388.
962 1310 1000 1315 -
1017 1291 1183 1327 Andriolo,
1204 1295 1277 1321 nato
1295 1290 1453 1331 quondam
1468 1289 1556 1321 Petri
1567 1289 1604 1320 de
1620 1289 1812 1330 Boryarelis,
1830 1298 1926 1329 prov.
1944 1298 2062 1321 canon.
2083 1288 2147 1321 sub
2162 1297 2259 1330 exsp.
2271 1289 2376 1330 praeb.

758 1348 838 1379 eccl.
856 1346 1054 1378 Tervisinae.
1074 1364 1112 1368 —
1127 1346 1154 1376 Ι.
1173 1354 1202 1376 e.
1223 1354 1268 1376 m.
1287 1347 1324 1376 ut
1341 1353 1369 1376 s.
1386 1344 1438 1383 (A.
1461 1345 1512 1381 25,
1537 1344 1560 1375 f.
1575 1345 1635 1375 173
1655 1348 1684 1381 “;
1706 1343 1741 1375 V.
1761 1345 1811 1381 81,
1829 1352 1882 1383 ep.
1899 1343 2009 1384 1902.)

804 1397 943 1431 25389.
961 1417 998 1423 -
1018 1399 1246 1430 Bartholomaeo
1261 1398 1502 1439 Lamfranchini
1520 1397 1556 1429 de
1579 1397 1719 1428 Miarina
1743 1397 1871 1428 similis
1891 1397 2002 1438 gratia
2021 1397 2056 1428 in
2082 1397 2163 1429 ecel.
2182 1397 2376 1430 vicentina.

759 1473 796 1478 -
812 1455 838 1486 1.
854 1463 882 1486 e.
901 1464 946 1485 1n.
962 1456 999 1485 ut
1015 1462 1043 1484 s.
1060 1454 1112 1492 (A.
1136 1454 1187 1490 25,
1206 1452 1228 1484 f.
1249 1454 1308 1483 173
1324 1451 1353 1488 b;
1381 1451 1414 1483 V.
1432 1453 1484 1489 81,
1504 1460 1557 1492 ep.
1579 1450 1686 1488 1903.)

802 1505 940 1537 25390.
960 1526 999 1531 --
1017 1507 1215 1539 Bernardino
1239 1506 1276 1537 de
1306 1505 1516 1547 Vidiqumerio
1532 1505 1659 1537 similis
1677 1505 1787 1545 gratia
1804 1505 1837 1536 in
1859 1505 1940 1537 eccl.
1959 1505 2159 1553 Mutinensi.
2178 1523 2217 1529 -
2236 1505 2264 1537 Ι.
2283 1513 2313 1537 e.
2329 1513 2375 1537 m.

757 1565 793 1595 ut
808 1572 835 1594 s.
856 1563 908 1602 (A.
928 1564 979 1598 25,
997 1562 1021 1593 s.
1042 1563 1099 1593 173
1115 1561 1145 1597 ¹³3
1170 1561 1206 1592 V.
1222 1561 1273 1596 81,
1289 1569 1341 1599 ep.
1364 1561 1471 1598 1904.)
1903 1584 1907 1587 ,

803 1614 939 1645 25391.
959 1633 995 1638 ——
1011 1615 1148 1646 Gabrieli
1163 1614 1332 1645 Armanini
1354 1613 1458 1644 Serrae
1472 1622 1567 1653 prov.
1585 1622 1703 1645 canon.
1728 1612 1792 1644 sub
1809 1621 1905 1653 exsp.
1925 1612 2029 1653 praeb.
2059 1612 2170 1654 plebis
2186 1613 2227 1645 de
2247 1613 2376 1646 Monte-

757 1672 867 1707 siHce,
888 1671 1057 1701 Paduanae
1071 1669 1117 1700 di.
1136 1688 1172 1692 -
1191 1669 1217 1700 I.
1236 1677 1265 1699 e.
1283 1677 1329 1699 m.
1345 1670 1382 1699 ut
1399 1676 1426 1698 s.
1446 1668 1498 1706 (A.
1512 1668 1562 1702 25,
1580 1667 1603 1698 f.
1624 1668 1682 1698 178
1699 1672 1732 1705 ⁰;
1759 1666 1793 1697 V.
1812 1668 1863 1702 81,
1880 1675 1933 1707 ep.
1952 1666 2057 1707 1907.)

802 1722 942 1754 25392.
953 1742 988 1746 -
1003 1722 1159 1764 Huyolino
1172 1732 1244 1764 ep.0
1257 1721 1421 1752 Parmensi
1435 1721 1581 1752 facultas
1592 1722 1629 1752 ut
1645 1720 1680 1752 in
1690 1721 1838 1760 singulis
1851 1721 2074 1752 monasteriis
2082 1721 2253 1761 exemptis
2265 1722 2298 1753 et
2310 1730 2376 1753 non

757 1779 939 1818 exemptis,
956 1787 983 1808 s.
1005 1777 1195 1812 Benedicti,
1212 1775 1452 1808 cisterciensis
1473 1777 1506 1806 et
1522 1784 1549 1806 s.
1568 1774 1683 1806 Martii
1702 1775 1790 1812 ord.,
1812 1783 1954 1806 suarum
1973 1774 2067 1806 civit.
2090 1776 2123 1806 et
2140 1775 2201 1813 di.,
2216 1774 2377 1807 videlicet

756 1833 789 1863 in
809 1841 875 1863 non
889 1831 1094 1864 habentibus
1112 1832 1243 1862 certum
1259 1829 1503 1861 monachorum
1523 1837 1704 1860 numerum
1723 1837 1868 1864 exnunc,
1894 1829 1930 1860 in
1949 1828 2156 1861 habentibus
2179 1828 2280 1861 illum
2296 1837 2377 1862 vero

757 1887 785 1917 si
803 1886 882 1926 quis
898 1888 978 1917 tunc
996 1885 1116 1921 deerit,
1134 1884 1288 1924 alioquin
1308 1883 1565 1923 quamprimum
1582 1882 1742 1921 defuerit,
1764 1882 1805 1914 de
1823 1891 1967 1914 numero
1988 1883 2195 1923 supradicto,
2221 1882 2376 1924 singulas

757 1949 847 1980 pers.
867 1940 1008 1971 idoneas
1026 1939 1137 1979 possit
1155 1938 1216 1970 hac
1234 1938 1307 1969 vice
1323 1937 1433 1968 facere
1450 1937 1569 1977 recipi.
1590 1937 1642 1975 (A.
1661 1937 1712 1972 25,
1730 1936 1751 1967 f.
1768 1937 1827 1968 186
1844 1941 1874 1974 ·;
1894 1936 1931 1967 V.
1948 1937 1999 1974 81,
2016 1945 2069 1977 ep.
2089 1937 2194 1978 1930.)

802 1990 942 2023 25393.
964 2010 1002 2015 -
1020 1992 1132 2023 Eidem
1158 1991 1286 2023 simius
1313 1991 1414 2022 facul.
1443 1990 1555 2031 quoad
1583 1990 1793 2022 monasteria
1824 1990 2040 2023 monialium.
2065 1991 2119 2031 (A.
2139 1992 2191 2030 25,
2216 1990 2241 2022 f.
2265 1983 2325 2024 186
2345 1996 2374 2030 ⁸3

763 2048 796 2078 V.
812 2049 928 2087 81‚ep.
949 2048 1054 2085 1931.)
2354 2078 2359 2084 ,

802 2098 941 2132 25394.
961 2120 998 2124 -
1019 2100 1181 2131 Florentio
1207 2099 1381 2131 Marcheoeii
1398 2098 1435 2129 de
1460 2099 1513 2129 Ori
1533 2107 1628 2138 prov.
1647 2107 1766 2130 canon.
1794 2099 1858 2130 sub
1875 2107 1972 2139 exsp.
1997 2098 2105 2139 praeb.
2121 2099 2201 2131 eccl.
2223 2108 2252 2131 s.
2273 2099 2374 2132 Pros-

756 2156 829 2195 peri
845 2156 886 2186 de
905 2155 1068 2192 Castello‚
1101 2154 1222 2194 Regin.
1252 2154 1299 2184 di.
1328 2171 1368 2175 —
1393 2153 1420 2184 Ι.
1445 2161 1474 2185 e.
1500 2161 1546 2184 m.
1572 2154 1609 2184 ut
1635 2161 1676 2191 s.‚
1708 2161 1740 2183 n.
1771 2154 1884 2184 25372.
1910 2152 1963 2193 (A.
1987 2154 2041 2191 25,
2061 2152 2085 2184 f.
2115 2154 2172 2184 211
2202 2152 2232 2190 ¹23
2253 2153 2291 2186 V.
2321 2154 2375 2192 81,

757 2219 808 2249 ep.
828 2209 933 2248 2015.)

803 2261 942 2293 25395.
961 2281 1000 2286 -
1017 2262 1097 2294 Abb.
1117 2266 1246 2292 monast.
1263 2272 1286 2292 s.
1307 2261 1392 2292 Petri
1409 2261 1442 2291 in
1467 2260 1616 2298 Bovaria,
1638 2265 1665 2291 el
1679 2260 1811 2301 plebano
1832 2259 1932 2302 pkbis
1947 2260 1983 2292 S.
2001 2260 2044 2292 M.
2060 2261 2094 2291 in
2112 2260 2248 2303 Campis,
2267 2260 2374 2303 Spole-

758 2323 823 2347 tan.
842 2317 897 2354 di.,
918 2327 952 2347 ac
971 2317 1068 2347 Petro
1095 2316 1191 2354 Luni,
1220 2326 1290 2346 can.
1313 2314 1491 2356 Spolelanae
1515 2314 1602 2351 eccl„
1628 2315 1741 2346 mand.
1769 2316 1806 2346 ut
1835 2314 1973 2354 AEgidio
2000 2314 2042 2346 de
2070 2315 2178 2347 Turre
2200 2315 2375 2348 conferant

755 2372 945 2411 prioratum
962 2380 989 2402 0.
1019 2380 1047 2402 0.
1071 2370 1247 2402 saecularis
1264 2369 1344 2401 eccl.
1365 2379 1393 2401 s.
1407 2369 1564 2408 Gregorii
1583 2369 1770 2408 Spoletan.‚
1794 2377 1868 2408 quae
1893 2368 2014 2408 colleg.
2038 2369 2071 2400 et
2093 2369 2128 2400 in
2156 2370 2248 2402 terra
2273 2369 2316 2402 R.
2333 2370 2372 2402 E.

755 2426 886 2462 existit,
908 2427 940 2456 et
957 2425 997 2455 ad
1014 2433 1116 2464 quem
1134 2425 1228 2463 prior
1244 2432 1304 2463 per
1325 2423 1525 2454 electionem
1545 2422 1676 2453 assumi
1693 2421 1882 2457 consuevit,
1900 2422 1991 2462 apud
2011 2422 2044 2454 S.
2069 2423 2111 2454 A.
2132 2423 2261 2463 praevia
2274 2431 2373 2464 gene-

756 2479 819 2510 rali
836 2480 1000 2510 reservat.
1016 2488 1102 2516 vac„
1120 2480 1153 2509 et
1170 2477 1236 2509 eid.
1258 2477 1396 2517 AEgidio
1419 2486 1438 2508 a
1456 2476 1618 2508 Bartholo
1644 2484 1720 2515 ep.0
1736 2475 1919 2516 Spoletano
1941 2476 2082 2508 nulliter
2102 2476 2173 2516 jam
2190 2477 2372 2514 collatum3

757 2542 823 2564 non
841 2532 928 2564 obst.
947 2533 1037 2572 quod
1055 2533 1090 2563 in
1106 2531 1302 2568 Athenien,
1317 2531 1488 2571 Spoletau.
1507 2533 1539 2561 et
1560 2530 1594 2561 S.
1619 2530 1663 2561 M.
1683 2530 1718 2560 in
1734 2530 1874 2570 Campis
1897 2538 2016 2561 canon.
2036 2533 2068 2562 et
2087 2530 2205 2570 praeb.,
2222 2539 2261 2563 ac
2278 2539 2370 2563 rura-

755 2586 822 2617 lem
840 2587 920 2617 eccl.
933 2596 961 2617 s.
979 2586 1079 2618 Pauli
1094 2586 1134 2617 de
1149 2585 1309 2623 Camuro,
1323 2585 1512 2624 Spoletanae
1526 2584 1585 2621 di.,
1606 2584 1768 2617 obtineat.
1785 2583 1838 2624 (A.
1856 2585 1906 2620 25,
1923 2583 1947 2614 f.
1963 2585 2063 2621 250·;
2085 2583 2117 2615 V.
2133 2585 2185 2622 81,
2200 2593 2253 2625 ep.
2265 2586 2372 2625 2120.)

800 2637 936 2669 25390.
950 2658 988 2663 -
1005 2640 1154 2671 Jacobino
1165 2641 1201 2670 de
1212 2639 1319 2670 Rabiis
1335 2638 1373 2669 de
1383 2638 1537 2669 Modoetia
1550 2637 1686 2669 collatio
1703 2637 1839 2677 paroch.
1857 2638 1937 2669 eccl.
1956 2638 1997 2669 de
2012 2638 2250 2678 Mortelgiano,
2266 2639 2372 2679 Aqui-

754 2694 863 2734 legen.
884 2694 943 2731 di.,
963 2703 1033 2725 vac.
1049 2703 1109 2733 per
1126 2693 1258 2725 obitum
1276 2693 1366 2733 apud
1380 2692 1414 2724 S.
1434 2693 1475 2723 A.
1501 2691 1595 2723 Petri
1612 2692 1644 2722 S.
1665 2691 1788 2731 Angeli
1807 2691 1893 2723 diac.
1913 2692 2018 2727 card„
2035 2691 2132 2732 cujus
2150 2692 2263 2724 benef.
2278 2692 2373 2734 Papa

754 2748 912 2786 disposit.
935 2757 1005 2779 suae
1023 2749 1260 2779 reservaverat
1269 2756 1278 2783 ;
1302 2755 1369 2778 non
1385 2746 1472 2777 obst.
1492 2746 1527 2776 in
1544 2745 1623 2776 eccl.
1644 2745 1684 2776 de
1699 2745 1839 2777 Colhaie
1856 2745 1958 2777 curiae
1975 2745 2193 2783 Modoetien„
2209 2746 2371 2779 Mediola-

754 2810 831 2832 nen.
850 2801 908 2836 di.,
929 2802 1076 2841 quodam
1098 2801 1250 2841 simplici
1270 2800 1382 2832 benef.
1405 2818 1442 2823 -
1467 2800 1492 2831 I.
1524 2808 1551 2831 e.
1580 2808 1624 2830 m.
1654 2798 1767 2830 abbati
1795 2800 1941 2831 monast.
1961 2799 2143 2836 Rosacen„
2167 2799 2370 2841 Aquilegen.

753 2855 812 2892 di.,
832 2857 864 2886 et
886 2856 1011 2886 decano
1040 2855 1254 2894 Aquilegen„
1281 2863 1318 2885 ac
1340 2854 1467 2885 Busolo
1496 2854 1536 2884 de
1567 2853 1704 2890 Parma,
1732 2853 1832 2892 Papae
1858 2862 1945 2893 oap.,
1971 2862 2043 2885 can.
2070 2853 2257 2885 Tornacen.
2286 2854 2368 2886 eccl.

754 2910 805 2947 (A.
823 2909 874 2945 25,
892 2908 913 2938 f.
932 2910 992 2939 355
1008 2908 1037 2944 „3
1062 2908 1095 2938 V.
1113 2909 1165 2945 81,
1182 2917 1234 2948 ep.
1251 2907 1359 2947 2216.)

797 2959 936 2992 25397.
951 2981 987 2985 -
1002 2961 1348 3002 6111εΓ1ἐιίεραόνίεἱίάε
1360 2961 1407 2992 La
1420 2962 1516 2992 Turre
1531 2961 1644 2992 collat.
1663 2969 1781 2993 canon.
1798 2963 1829 2993 et
1843 2961 1946 3001 praeb.
1960 2961 2041 2993 eccl.
2054 2962 2250 3000 Civitatem,
2263 2963 2368 3003 Aqui-

753 3017 860 3055 legen.
881 3016 941 3053 di.,
960 3019 995 3046 ut
1017 3025 1044 3047 s.
1062 3025 1147 3052 vac„
1167 3025 1232 3047 non
1260 3015 1348 3047 obst.
1376 3016 1465 3055 quod
1489 3015 1523 3046 in
1551 3015 1631 3046 eccl.
1653 3015 1856 3055 Aquilegen.
1890 3015 2122 3047 canonicalem
2143 3016 2247 3056 praeb.
2279 3020 2366 3049 auct.
