2540 3496
292 329 354 360 526

323 421 428 449 Datum
453 415 639 450 Avenione.

295 523 314 551 5
330 524 376 559 (111
393 524 478 557 non.)
491 523 559 550 maii
576 522 664 550 1327.

397 569 427 596 T.
446 568 478 602 c,
496 568 565 595 cui.

441 737 476 765 Ut
495 746 518 764 s.

440 1004 476 1032 Ut
493 1013 516 1031 s.

440 1327 476 1354 Ut
496 1335 518 1354 s.

442 1648 478 1676 Ut
499 1657 522 1675 s.

388 1694 419 1720 T.
436 1693 482 1726 xi,
502 1693 573 1720 XIII.

443 1917 478 1944 Ut
495 1925 518 1943 s.

388 1962 418 1989 T.
440 1961 486 1995 XI,
504 1961 576 1988 XIII.

443 2024 479 2052 Ut
496 2033 518 2051 s.

444 2399 478 2426 [t
497 2408 519 2426 s.

390 2444 420 2471 T.
435 2445 480 2478 xi,
497 2444 568 2471 xm.

441 2561 477 2588 Ut
495 2569 518 2588 s.

338 2606 368 2632 T.
387 2606 423 2634 XI
439 2606 481 2640 1l2,
498 2606 560 2633 XIII
580 2607 621 2639 ¹l2.

440 2828 476 2856 Ut
497 2837 521 2856 s.

386 2874 416 2901 T.
440 2874 486 2906 xl,
506 2874 577 2901 XIII.

693 326 867 359 JOANNIS
891 326 1010 357 PAPAE
1032 326 1135 357 XXII.
1160 328 1412 369 (1316-1334).
1435 346 1474 352 --
1497 329 1686 360 LITTERAE
1709 299 1936 362 COMMUNIJS

770 515 910 549 28634.
930 537 969 541 -
990 518 1043 549 Ad
1062 528 1150 560 perp.
1170 519 1216 550 rei
1235 519 1424 551 memoriam.
1447 520 1622 553 Uniuutur
1645 521 1712 553 duo
1731 522 1843 553 castra
1863 522 1906 554 ad
1931 522 2012 555 eccl.
2039 523 2195 556 Theatin.
2220 526 2340 565 spect„

726 581 871 613 quorum
889 581 997 603 unum
1019 572 1118 603 Mons
1134 572 1295 604 Silvanus
1318 574 1351 605 et
1373 573 1520 605 alterum
1543 574 1592 605 La
1613 574 1724 606 Furca
1739 575 1926 615 vulgariter
1943 578 2170 617 nuncupatur,
2187 577 2338 610 Pennen.

726 627 760 658 et
778 625 936 669 Theaiin.
958 626 1018 663 di.,
1039 634 1167 658 mensae
1190 626 1378 666 episcopali
1398 626 1573 659 Theatinae
1590 627 1671 659 0001.
1688 646 1725 652 -
1744 628 1772 660 Ι.
1791 636 1820 660 0.
1841 637 1887 661 m.
1903 629 2120 670 Neapolitan.
2142 632 2176 663 et
2191 631 2342 663 Ebredu-

726 688 804 711 nen.
822 679 1016 719 archiepis,
1033 681 1135 720 atque
1153 680 1282 711 archid.
1299 680 1456 712 Theatin.
1474 681 1528 722 (A.
1545 682 1597 719 27,
1614 681 1638 712 f.
1654 683 1714 713 216
1731 687 1759 720 ³3
1781 681 1819 714 V.
1835 683 1888 719 83,
1904 691 1957 723 ep.
1975 684 2081 723 1563.)

772 730 909 762 28635.
926 750 966 756 -
983 733 1105 764 Joanni
1118 733 1155 764 de
1174 733 1348 775 Tourresby
1364 743 1459 775 prov.
1479 743 1599 766 canon.
1623 734 1689 767 sub
1705 744 1801 776 exsp.
1819 735 1923 776 praeb.
1942 736 2024 768 eccl.
2040 737 2080 769 B.
2099 737 2145 769 M.
2163 737 2204 769 de
2221 738 2342 770 Sathe-

725 786 839 825 vellis,
866 786 1094 819 Eboracensis
1121 787 1167 818 di.
1183 797 1193 825 3
1224 797 1291 819 non
1317 788 1405 820 obst.
1434 789 1572 828 paroch.
1600 789 1682 821 eccl.
1713 789 1754 821 de
1783 790 2006 831 Honyngton,
2031 789 2248 832 Wigornien.
2279 791 2339 830 di.,

726 842 776 880 (15
794 840 921 872 march.
938 841 1110 882 sterling.)
1125 843 1158 873 et
1174 841 1279 882 praeb.
1300 842 1536 874 subdiaconali
1553 843 1588 874 in
1605 842 1738 883 capella
1752 843 1792 875 B.
1811 844 1857 876 M.
1875 845 1909 876 et
1925 852 1972 875 ss.
1988 843 2199 886 Angelorum
2215 844 2342 877 Ebora-

725 903 796 926 cen.
817 894 850 935 (6
874 894 1001 926 march.
1026 894 1138 935 sterl.)
1153 913 1193 918 -
1209 895 1236 926 I.
1263 904 1292 927 e.
1310 905 1356 928 m.
1380 896 1488 936 priori
1511 896 1751 934 Conventren.,
1775 898 1809 929 et
1832 897 2013 938 Radulpho
2034 898 2076 930 de
2101 898 2275 931 Holbeche
2303 907 2342 931 ac

725 948 907 979 Willelmo
925 948 966 980 de
983 949 1195 989 Leycestria,
1212 949 1443 981 Lichefelden.
1463 959 1535 982 can.
1555 950 1637 982 eccl.
1657 950 1714 988 (V.
1731 952 1782 989 83,
1800 959 1853 991 ep.
1872 950 1980 991 1621.)

771 998 911 1031 28636.
929 1021 969 1026 -
986 1002 1080 1033 Petro
1099 1002 1279 1041 Danrocha,
1297 1003 1378 1034 alias
1394 1002 1475 1034 dicto
1490 1004 1536 1034 La
1551 1003 1649 1042 Mola,
1666 1014 1748 1036 mon.
1766 1008 1898 1035 monast.
1916 1015 1944 1036 a.
1959 1004 2116 1036 Martialis
2132 1004 2340 1043 Lemovicen„

728 1055 761 1086 0.
782 1055 815 1086 S.
835 1055 888 1093 B.‚
906 1056 1016 1096 gratia
1032 1065 1129 1096 exsp.
1148 1057 1394 1097 praepositurae,
1409 1057 1465 1088 vel
1478 1058 1663 1097 prioratus,
1679 1059 1738 1089 aut
1752 1058 1949 1097 decanatus,
1963 1058 2037 1092 sive
2049 1060 2267 1100 personatus,
2284 1061 2344 1092 aut
2387 1050 2393 1055 ’

726 1109 934 1147 administr.‚
951 1118 1011 1141 seu
1031 1110 1087 1141 off.
1104 1110 1158 1142 vel
1174 1110 1287 1142 benef.
1303 1119 1331 1142 c.
1350 1120 1378 1142 0.
1397 1111 1452 1142 vel
1473 1119 1501 1142 s.
1519 1120 1560 1148 c.,
1580 1111 1623 1143 ad
1640 1111 1754 1144 collat.
1769 1111 1846 1143 abb.
1865 1114 1898 1144 et
1917 1121 2015 1145 conv.
2038 1108 2149 1153 ejusd.
2168 1113 2339 1150 monast.;

727 1163 873 1203 supplic.
899 1163 1012 1201 Helia,
1037 1163 1118 1194 dicti
1137 1165 1282 1195 monast.
1303 1163 1436 1196 abbate.
1456 1183 1494 1187 —
1511 1165 1538 1196 I.
1556 1173 1585 1196 e.
1604 1174 1649 1196 m.
1667 1173 1772 1206 praep.
1792 1165 1974 1204 Ahenten.‚
1993 1166 2211 1198 Lemovicen.
2229 1166 2291 1204 di.,
2309 1166 2343 1199 et

727 1217 916 1249 Guillelmo
946 1217 987 1248 de
1012 1217 1203 1249 Rosfilhaco
1230 1226 1269 1249 ac
1295 1218 1472 1250 Bernardo
1503 1218 1696 1256 Danrocha,
1726 1228 1800 1251 can.
1838 1219 2055 1252 Lemovicen.
2085 1219 2168 1252 eccl.
2202 1219 2255 1259 (V.
2289 1219 2342 1258 83,
2408 1214 2410 1217 ’
2464 1198 2480 1211 ξ

727 1280 780 1311 ep.
804 1271 911 1311 1629.)

773 1322 910 1354 28637.
924 1344 962 1348 -
978 1325 1067 1367 Ep.o
1080 1325 1236 1364 Themin„
1252 1331 1281 1357 et
1290 1326 1400 1367 priori
1411 1336 1435 1356 s.
1450 1327 1583 1357 Martini
1595 1326 1632 1357 de
1648 1326 1774 1368 Campis
1784 1327 1956 1364 Parisien„
1970 1337 2006 1358 ac
2022 1326 2184 1359 Guillelmo
2196 1327 2343 1365 Ioannis,

728 1389 797 1409 can.
823 1378 1038 1419 Andeqaven„
1064 1380 1191 1416 mand„
1218 1380 1350 1413 consid.
1378 1380 1474 1412 Petri
1499 1381 1569 1421 ep.i
1593 1381 1807 1419 Praenestini,
1826 1382 1864 1412 ut
1881 1381 2069 1413 Bertrando
2087 1381 2233 1422 Turpini
2249 1389 2342 1414 mon.

727 1434 873 1465 monast.
893 1423 1142 1470 Cluniacensis‚
1165 1434 1390 1466 Matisconen.
1408 1434 1468 1473 di.,
1488 1434 1664 1466 conferant
1687 1435 1877 1474 prioratum
1901 1443 1929 1466 s.
1948 1425 2088 1466 Martini
2108 1434 2150 1467 de
2170 1434 2344 1475 Bellopra·

726 1487 821 1524 tello,
841 1487 879 1519 O.
899 1487 933 1518 S.
952 1488 1004 1525 B.,
1024 1487 1284 1527 Andegavensis
1303 1488 1362 1526 di.,
1387 1488 1595 1520 monasterio
1614 1497 1642 1520 s.
1668 1488 1779 1529 Sergii
1801 1497 1906 1528 prope
1924 1488 2133 1529 Andegavis,
2152 1488 2235 1520 dicti
2256 1487 2343 1525 ord„

727 1541 924 1572 immediate
952 1540 1156 1581 subjectum,
1186 1550 1246 1581 per
1270 1550 1361 1573 mon.
1390 1542 1503 1582 ipsius
1529 1543 1676 1574 monast.
1701 1551 1730 1573 s.
1757 1534 1889 1583 Sergii.
1908 1542 1950 1574 ad
1973 1542 2066 1583 quod
2090 1550 2128 1574 se
2153 1541 2343 1574 transferre

726 1596 873 1630 tenetur,
893 1594 1034 1625 solitum
1050 1594 1142 1634 gub„
1161 1596 1194 1626 et
1209 1604 1281 1626 vac.
1299 1603 1361 1634 per
1376 1595 1508 1626 obitum
1523 1595 1670 1627 Mathaei.
1688 1595 1741 1634 (V.
1759 1596 1810 1634 83,
1828 1604 1880 1636 ep.
1900 1595 2008 1636 1665.)

773 1645 909 1677 28638.
929 1666 968 1671 —
986 1648 1071 1688 May.
1093 1647 1298 1680 Gundissalvo
1320 1648 1550 1687 Bonihominis,
1575 1649 1674 1691 Papae
1692 1659 1775 1691 cap„
1795 1651 1990 1682 reservatur
2012 1649 2194 1681 archidiac.
2218 1650 2345 1681 Benas-

727 1711 799 1733 een.
818 1702 852 1732 in
876 1701 956 1733 eccl.
978 1702 1159 1739 Ilerdensi,
1181 1704 1363 1734 vacaturus
1387 1711 1448 1742 per
1466 1704 1716 1735 assecutionem
1741 1703 1974 1744 praepositurae
1998 1703 2079 1735 eccl.
2103 1703 2261 1735 Anicien.
2283 1711 2345 1743 per

727 1756 794 1787 PP.
812 1764 899 1795 mag.
916 1755 1065 1795 Guigoni
1081 1756 1122 1787 de
1139 1765 1166 1787 s.
1181 1756 1362 1794 Germano,
1376 1757 1476 1796 Papae
1490 1765 1576 1796 cap„
1590 1758 1783 1788 reservatae.
1798 1775 1837 1779 —
1847 1757 1875 1788 Ι.
1890 1766 1919 1788 e.
1933 1765 1979 1788 m.
1997 1756 2170 1797 archiep.o
2185 1757 2343 1788 Terraco-

728 1818 818 1845 nen.,
832 1811 864 1841 et
885 1818 960 1848 ep.o
974 1809 1183 1849 Majoricen.,
1199 1818 1236 1840 ac
1255 1809 1399 1841 Valasco
1413 1810 1563 1846 Martini,
1579 1810 1705 1842 decano
1723 1810 1804 1842 0001.
1825 1810 2038 1842 Elborensis.
2060 1810 2113 1850 (A.
2127 1811 2179 1848 27,
2195 1809 2220 1841 f.
2235 1811 2295 1841 247
2311 1815 2342 1847 *ς

733 1863 769 1895 V.
788 1864 839 1900 83,
857 1871 908 1902 ep.
929 1864 1035 1903 1700.)
1882 1856 1885 1859 “

773 1913 912 1946 28839.
930 1934 968 1939 -
983 1916 1097 1947 Eidem
1112 1925 1207 1956 prov,
1226 1925 1345 1948 canon.
1362 1916 1426 1948 sub
1440 1925 1536 1957 exsp.
1554 1917 1658 1957 praeb.
1675 1917 1773 1949 dictae
1788 1917 1870 1949 eccl.
1885 1917 2032 1949 Ilerden.
2051 1935 2090 1940 —
2106 1917 2134 1949 Ι.
2151 1926 2181 1949 0.
2197 1926 2244 1949 m.
2258 1918 2297 1949 ut
2314 1926 2342 1949 s.

731 1970 782 2009 (A.
801 1971 852 2007 27,
871 1970 894 2002 f.
912 1971 972 2000 244
988 1975 1017 2006 a,-
1041 1970 1077 2001 V.
1095 1971 1146 2008 83,
1164 1978 1216 2009 ep.
1236 1969 1341 2010 1701.)

774 2021 910 2053 28640.
931 2042 970 2046 -
987 2023 1125 2055 Gnidoni
1144 2024 1273 2054 Terreni
1289 2024 1427 2056 collatio
1446 2033 1564 2057 canon.
1589 2026 1622 2056 et
1638 2024 1742 2065 praeb.
1763 2025 1844 2057 eccl.
1865 2025 2028 2057 Elnensis
2043 2033 2116 2057 vac.
2135 2033 2196 2065 per
2212 2023 2344 2057 obitum

727 2078 914 2109 Raimundi
932 2077 1111 2109 Guillelmi
1132 2078 1230 2118 cujus
1254 2077 1422 2110 beneficia
1447 2078 1543 2119 Papa
1566 2079 1727 2119 disposit.
1753 2087 1823 2110 suae
1846 2079 2098 2116 reservaverat3
2117 2087 2186 2110 non
2203 2078 2292 2111 obst.
2306 2077 2343 2111 in

726 2131 924 2171 Majoricen.
941 2131 1021 2163 0001.
1036 2140 1155 2163 canon.
1174 2131 1238 2163 sub
1256 2141 1351 2172 exsp.
1371 2132 1488 2172 praeb.,
1506 2133 1741 2172 praepositurae
1757 2133 1790 2164 et
1804 2134 2007 2173 quartorum
2019 2141 2081 2165 seu
2095 2132 2345 2173 praestimonio·

726 2194 815 2222 rum,
842 2194 880 2216 ac
904 2185 1052 2225 quodam
1074 2185 1187 2217 benef.
1214 2194 1242 2217 s.
1263 2194 1290 2217 c.
1311 2185 1529 2218 subcantoria
1546 2194 1607 2218 seu
1623 2186 1834 2227 coadjutoria
1849 2187 2055 2227 nuncupato,
2073 2195 2206 2218 necnon
2221 2187 2344 2226 quarto

727 2248 787 2270 seu
806 2239 1039 2278 praestimonio
1063 2238 1201 2279 paroch.
1222 2239 1302 2270 0001.
1329 2239 1370 2270 de
1388 2239 1585 2276 Montineri,
1602 2240 1798 2280 Majoricen.
1819 2240 1867 2271 di.
1883 2258 1922 2263 —
1935 2240 1964 2271 I.
1982 2248 2010 2272 e.
2029 2248 2077 2272 m.
2093 2239 2290 2280 Majoricen.
2311 2240 2345 2272 et

727 2293 893 2332 Urgelleti
916 2294 949 2323 et
969 2293 1237 2324 Vallisandorrae
1259 2293 1435 2334 Urgellen.
1454 2293 1628 2332 archid.is,
1647 2303 1684 2325 ac
1701 2294 1903 2334 praecentori
1919 2294 2028 2335 ejilsd.
2046 2293 2244 2334 Majoricen.
2261 2293 2343 2326 0001.

728 2346 780 2385 (V.
800 2348 852 2382 83,
869 2355 922 2386 ep.
943 2346 1050 2386 1707.)

773 2396 911 2430 28641.
931 2418 968 2423 -
985 2400 1150 2431 Bernardo
1167 2400 1306 2431 Bicherii
1322 2401 1436 2432 collat.
1453 2410 1571 2433 canon.
1588 2401 1652 2433 s'ub
1665 2410 1762 2441 exsp.
1780 2401 1884 2441 praeb.
1904 2401 1985 2433 eccl.
2005 2402 2129 2433 Oscen.
2145 2418 2184 2424 ——
2199 2401 2226 2432 I.
2245 2409 2275 2432 e.
2293 2409 2340 2432 m.

727 2453 854 2484 archid.
872 2453 906 2485 S.
921 2454 966 2485 M.
983 2454 1024 2485 de
1038 2454 1124 2485 Mari
1138 2454 1399 2492 Barchinonen.,
1412 2456 1445 2487 et
1459 2455 1651 2487 Guillermo
1667 2455 1798 2496 Rigerii
1813 2464 1851 2486 ac
1861 2455 2035 2487 Bernardo
2051 2454 2156 2493 LuIIi,
2168 2463 2243 2486 can.
2258 2453 2343 2487 0001.
2359 2477 2362 2478 ⁷
2409 2487 2412 2488 ⁷

726 2507 975 2538 Barchinonen.
995 2508 1048 2543 (A.
1066 2509 1116 2546 27,
1137 2508 1160 2539 f.
1178 2510 1239 2541 253
1254 2508 1286 2545 ¹³;
1311 2508 1344 2539 V.
1362 2510 1415 2545 83,
1433 2517 1487 2549 ep.
1507 2508 1614 2550 1735.)
2262 2551 2265 2553 Ι

771 2558 908 2590 28642.
929 2578 969 2584 -
984 2561 1152 2592 Francisco
1169 2562 1302 2603 Majoris
1319 2562 1431 2594 collat.
1450 2571 1568 2594 canon.
1585 2562 1649 2594 sub
1664 2571 1762 2603 exsp.
1778 2561 1882 2602 praeb.
1899 2562 1979 2594 0001.
1996 2562 2258 2599 Bai-chinonem,
2274 2570 2345 2594 non

727 2613 814 2645 obst.
839 2615 977 2654 paroch.
1001 2615 1082 2646 0001.
1105 2616 1146 2647 (10
1166 2616 1345 2655 Calasanz‚
1369 2616 1514 2648 Ilerden.
1541 2616 1602 2654 di.,
1624 2617 1657 2648 et
1674 2616 1822 2656 quadam
1844 2625 1937 2657 perp.
1956 2616 2114 2657 portione
2131 2615 2168 2647 in
2185 2615 2266 2647 eccl.
2285 2614 2344 2648 Vi-

727 2667 832 2705 censi,
856 2676 984 2699 necnon
1004 2669 1152 2708 quadam
1174 2670 1339 2709 pensione
1357 2670 1400 2701 ad
1417 2679 1572 2701 mensam
1587 2670 1655 2710 ep.i
1672 2670 1846 2711 Urgellen.
1864 2670 1990 2710 pertin.
2009 2669 2062 2710 (15
2078 2669 2140 2701 lib.
2157 2677 2345 2710 parvorum

726 2721 983 2762 barchinonen.)
1003 2741 1042 2746 —
1066 2723 1095 2753 I.
1120 2732 1150 2754 e.
1177 2732 1223 2754 m.
1241 2723 1349 2763 priori
1371 2733 1400 2755 s.
1419 2723 1564 2755 Eulaliae
1582 2724 1623 2756 de
1641 2724 1770 2764 Campo
1790 2724 2052 2761 Barchinonen.,
2069 2725 2103 2755 et
2117 2723 2245 2755 decano
2260 2723 2346 2755 Iler-

727 2775 817 2812 den.‚
835 2784 873 2806 ac
889 2776 1063 2807 Bernardo
1078 2776 1183 2816 Lulli,
1202 2786 1275 2809 can.
1294 2777 1448 2809 Toletan.
1465 2777 1546 2809 ecci.
1562 2777 1617 2819 (A.
1636 2779 1688 2813 27,
1707 2778 1730 2809 f.
1743 2779 1805 2809 313
1823 2783 1852 2814 ²3
1876 2777 1913 2810 V.
1933 2779 1985 2816 83,
2003 2786 2056 2818 ep.
2074 2778 2180 2816 1842.)

774 2826 911 2859 28643.
931 2847 970 2852 -
985 2829 1149 2861 Ber-nardo
1165 2830 1201 2860 de
1217 2831 1408 2866 Montornes,
1425 2841 1506 2862 mon.
1522 2835 1652 2862 monast.
1671 2842 1696 2862 s.
1718 2831 1911 2872 cucuphatis
1934 2830 2066 2867 Vallem,
2086 2830 2120 2862 Ο.
2141 2829 2174 2862 S.
2193 2831 2248 2870 B„
2264 2829 2345 2862 Bar·
2443 2866 2450 2879 ⁷.

729 2883 893 2914 chinonen.
909 2882 968 2922 di.,
984 2884 1093 2923 gratia
1106 2892 1201 2924 exsp.
1219 2885 1465 2924 praepositurae,
1483 2885 1538 2916 vel
1554 2885 1646 2925 dign.
1662 2885 1720 2916 aut
1735 2885 1792 2917 off.
1807 2885 1983 2917 monachis
1999 2885 2081 2917 dicti
2096 2885 2242 2916 monast.
2260 2884 2347 2916 assi·

728 2937 826 2977 gnari
847 2937 1002 2968 consueti
1023 2938 1096 2976 (100
1113 2937 1135 2968 1.
1154 2937 1196 2977 t.)
1207 2946 1216 2975 3
1235 2938 1429 2970 sacristiam
1445 2947 1525 2970 vero
1545 2939 1715 2970 minorem
1732 2939 1769 2970 in
1785 2939 1875 2971 dicto
1894 2939 2042 2971 monast.
2061 2938 2232 2970 dimittere
2248 2939 2344 2970 tene·

728 2992 794 3022 tur.
818 3008 857 3013 --
874 2991 901 3023 I.
927 2999 956 3022 e.
982 3000 1028 3022 m.
1047 2991 1174 3023 archid.
1194 2991 1326 3030 Vicen„
1347 2993 1380 3023 et
1399 2992 1611 3032 praecentori,
1634 3002 1671 3024 ac
1685 2993 1859 3025 Bernardo
1877 2993 1983 3030 Lulli,
2003 3001 2076 3025 can.
2093 2992 2343 3025 Barchinonen.

730 3044 811 3076 eccl.
829 3044 883 3085 (A.
899 3045 952 3080 27,
971 3044 994 3075 f.
1011 3046 1072 3077 329
1090 3050 1119 3083 ⁸5
1139 3045 1175 3077 V.
1191 3046 1242 3082 83,
1259 3054 1312 3086 ep.
1331 3047 1435 3085 1867.)
