2540 3496
204 425 308 453 Datum
325 420 511 453 Avenione.

245 526 281 554 31
299 502 365 560 aua.
384 525 472 553 1326.

249 572 284 607 (ιι
303 570 362 598 kal.
383 571 472 605 sept.)

268 615 298 642 T.
315 615 361 647 XI,
376 615 448 644 XIII.

322 740 357 767 Ut
375 748 398 767 s.

269 785 299 813 T.
317 785 362 818 XI,
380 785 452 812 XIII.

321 953 358 981 Ut
373 962 396 981 s.

268 998 299 1025 T.
320 998 367 1031 XI,
385 998 457 1026 XIII.

324 1115 362 1143 Ut
381 1124 405 1143 s.

272 1159 302 1186 T.
320 1160 366 1194 XI,
379 1160 451 1188 XIII.

320 1276 357 1303 Ut
381 1285 406 1303 s.

295 1320 326 1348 Τ.
346 1321 428 1349 XXX.

326 1544 361 1572 Ut
379 1553 402 1572 s.

307 1589 337 1617 T.
359 1590 416 1617 XX.

218 1760 232 1786 Ι
245 1758 332 1795 (kal.)
345 1762 415 1795 sept.
433 1759 522 1788 1326.

241 1803 272 1831 T.
287 1803 385 1838 XXIV,
399 1804 495 1833 XXVI.

332 1971 368 1999 Ut
388 1980 412 1999 s.

305 2015 336 2043 T.
357 2016 429 2043 XVI.

328 2078 365 2106 Ut
385 2087 409 2106 s.

315 2123 347 2150 T.
366 2123 423 2151 XX.

332 2238 370 2266 Ut
387 2247 411 2266 s.

308 2283 339 2310 T.
360 2283 432 2310 XVI.

334 2346 371 2374 Ut
390 2355 415 2374 s.

256 2391 302 2421 Gr.
324 2399 377 2427 pro
395 2391 485 2420 socio.

334 2614 372 2643 Ut
388 2622 412 2642 s.

303 2659 334 2686 T.
352 2658 450 2686 XVIII.

340 2828 377 2856 Ut
390 2836 414 2856 s.

291 2872 322 2900 T.
338 2873 385 2907 XI,
399 2872 471 2900 XIII.

339 3085 486 3114 JOANNIS
502 3084 572 3112 XXII

572 333 746 364 JOANNIS
770 333 888 364 PAPAE
911 333 1012 363 XXII.
1038 334 1286 372 (1316-1334).
1309 350 1347 355 -—
1370 332 1556 362 LITTERAE
1580 331 1805 363 COMMUNES
2143 333 2202 362 297

651 521 787 554 26362.
805 543 843 547 --
862 525 1057 563 Heilmarmo,
1078 531 1150 556 nato
1168 525 1346 556 Eberhardi
1363 525 1400 556 de
1423 525 1618 556 Wattenlzein
1633 524 1709 561 mil..
1727 524 1853 556 similis
1867 525 1976 564 gratia
1990 525 2023 555 in
2040 524 2120 556 eccl.
2135 525 2205 555 Nu-

602 577 722 608 husen.
741 580 838 608 extra
852 587 969 610 muros
985 579 1276 611 Wormacienses.
1291 597 1329 601 —
1342 579 1369 610 I.
1387 587 1470 610 e.m.
1487 579 1696 619 Maguntino,
1711 580 1744 610 et
1761 586 1788 609 s.
1804 578 1965 610 Germani
1981 579 2078 609 extra
2089 586 2206 610 muros

603 630 737 670 Spiren.
764 631 914 667 decanis,
943 640 980 662 ac
1005 641 1093 672 mag.
1118 632 1300 664 Ambrosio
1325 633 1365 663 de
1389 632 1593 668 Mediolano,
1617 640 1689 663 can.
1718 631 1943 663 Mediolanen.
1970 631 2050 662 eccl.
2075 631 2128 671 (A.
2154 633 2205 669 25,

603 682 626 714 f.
646 685 704 714 513
720 683 751 719 b;
774 683 806 713 V.
822 685 873 719 81,
888 693 941 723 ep.
958 686 1063 724 2625.)

650 733 786 765 26363.
808 754 847 759 --
864 736 1011 775 Hem-ico,
1027 742 1099 768 nalo
1113 737 1285 768 Eberzonis
1301 739 1375 769 civis
1398 738 1642 776 Wormaciensis,
1656 738 1781 769 similis
1795 738 1903 778 gratia
1920 738 1954 768 in
1968 738 2047 769 eccl.
2063 747 2091 770 s.
2108 738 2208 769 Pauli

606 789 895 826 Wormaciensis,
922 799 989 821 non
1013 790 1100 822 obst.
1129 799 1247 822 canon.
1276 791 1339 822 sub
1366 800 1461 831 exsp.
1490 792 1594 831 praeb.
1613 792 1692 823 eccl.
1715 800 1743 822 s.
1766 791 1927 831 Stephani
1948 791 2149 832 Maguntini.
2169 809 2208 814 —

606 843 633 873 I.
653 851 681 874 e.
707 851 753 874 m.
777 843 916 879 decano,
935 845 967 874 et
989 844 1077 883 mag.
1102 843 1230 875 Sisrido
1253 844 1293 875 de
1315 844 1576 885 Hildensheym,
1601 854 1674 876 can.
1703 845 1947 882 VVormacien„
1970 854 2007 876 ac
2027 844 2209 877 Ambrosio

612 896 817 936 supradicto.
834 896 886 933 (A.
902 897 953 934 25,
971 896 993 927 f.
1009 898 1068 928 513
1085 897 1117 934 ¹³3
1142 896 1172 928 V.
1187 899 1238 934 81,
1255 906 1307 937 ep.
1322 899 1428 936 2626.)

649 946 786 979 26364.
818 967 857 972 -
882 948 1019 989 Sisrido,
1040 954 1113 980 nato
1130 960 1160 980 n.
1181 960 1209 981 v.
1232 949 1371 990 Gotfridi
1394 950 1511 980 domini
1529 950 1564 981 de
1582 951 1614 981 Ε
1614 952 1789 992 ppenstein,
1811 951 1937 982 similis
1955 952 2063 991 gratia
2076 951 2111 982 in
2127 951 2208 983 eccl.

604 1003 813 1043 Maguntina.
836 1021 873 1026 —
894 1003 920 1034 1.
940 1011 969 1034 e.
992 1012 1038 1034 m.
1056 1003 1170 1034 abbati
1185 1004 1330 1034 monast.
1353 1012 1381 1034 s.
1401 1003 1526 1035 Albani
1549 1005 1645 1035 extra
1668 1013 1784 1036 muros
1808 1005 2036 1044 Maguntinos,
2055 1007 2087 1037 et
2105 1006 2208 1045 Engo-

606 1057 757 1094 lismen.,
773 1065 811 1087 ac
823 1056 856 1088 S.
872 1057 917 1087 M.
936 1056 978 1087 ad
995 1056 1134 1088 Gradus
1151 1057 1340 1096 Maguntin.
1357 1057 1494 1088 decanis
1512 1058 1592 1088 eccl.
1607 1057 1661 1098 (A.
1676 1060 1728 1096 25,
1747 1058 1768 1090 f.
1788 1060 1848 1090 513
1866 1058 1895 1095 b;
1920 1058 1952 1089 V.
1969 1059 2021 1096 81,
2037 1067 2089 1099 ep.
2106 1059 2211 1098 2627.)

650 1107 787 1140 26365.
807 1127 843 1133 -
860 1110 1012 1141 Dieclaeero
1029 1114 1102 1141 nato
1117 1110 1298 1141 Eberhardi
1314 1110 1391 1141 dicti
1404 1110 1490 1141 Rude
1510 1111 1636 1142 similis
1651 1111 1759 1151 gratia
1773 1112 1808 1142 in
1826 1112 1906 1144 eccl.
1923 1112 2212 1143 Novimonasterii

607 1163 828 1204 Herbipolen.
849 1181 889 1186 —
906 1164 934 1195 Ι.
950 1173 979 1195 e.
997 1173 1043 1195 m.
1062 1163 1233 1203 archiep.o
1250 1165 1283 1195 et
1300 1164 1426 1195 decano
1443 1163 1646 1204 Maguntin.‚
1664 1167 1807 1205 ac'mag.
1831 1165 2013 1196 Ambrosio
2028 1165 2069 1197 de
2083 1165 2211 1197 Medio-

606 1218 702 1254 lano,
721 1226 794 1249 can.
813 1217 1040 1249 Mediolanen.
1058 1218 1138 1248 eccl.
1152 1217 1204 1257 (A.
1225 1219 1276 1255 25,
1293 1218 1316 1248 f.
1333 1219 1393 1249 514
1408 1223 1438 1253 ³,
1461 1217 1494 1247 V.
1509 1219 1560 1253 81,
1577 1226 1629 1257 ep.
1646 1219 1751 1257 2629.)

637 1268 792 1303 26366.
804 1287 849 1292 -
863 1271 952 1312 Ερ.ο
972 1270 1201 1303 Constantiensi
1219 1272 1332 1303 mand.
1351 1273 1389 1302 ut
1405 1271 1614 1302 monasterio
1627 1271 1745 1311 Augiae
1760 1271 1916 1308 minoris,
1936 1272 2006 1302 ord.
2023 1272 2214 1303 Praemons-

606 1326 742 1363 traten.,
759 1334 829 1357 suae
846 1325 892 1356 di.
903 1349 911 1363 ,
926 1326 1067 1365 propter
1087 1325 1278 1356 discordias
1295 1325 1329 1355 in
1350 1324 1554 1356 Alamannia
1570 1324 1728 1355 subortas
1749 1326 1782 1355 et
1797 1324 2013 1356 sterilitatem
2035 1325 2130 1356 illius
2150 1327 2215 1356 ter-

608 1388 654 1411 rae
670 1379 790 1410 multis
807 1379 934 1410 debitis
951 1379 1112 1419 obligato,
1131 1379 1227 1410 uniat
1240 1378 1376 1419 paroch.
1395 1378 1475 1409 eccl.
1494 1378 1530 1408 in
1545 1378 1721 1415 Isenbach‚
1737 1378 1834 1409 dictae
1846 1378 1907 1416 di.,
1926 1380 1956 1417 (7
1972 1379 2096 1410 march.
2110 1380 2214 1418 aug),

607 1433 644 1464 In
662 1442 728 1473 qua
743 1433 785 1464 ab
797 1432 860 1464 bas
877 1434 911 1464 et
924 1441 1019 1464 conv.
1039 1433 1147 1473 ejusd.
1165 1434 1310 1464 monast.
1327 1432 1384 1472 jus
1401 1432 1555 1463 obtinent
1569 1433 1779 1471 patronatus.
1801 1432 1852 1472 (A.
1868 1433 1920 1470 25,
1940 1432 1963 1463 f.
1981 1433 2040 1464 508
2058 1432 2089 1468 ¹³,
2112 1432 2147 1463 V.
2164 1433 2214 1470 81,

607 1495 659 1527 ep.
681 1486 792 1526 2637.)

658 1537 794 1570 26367.
817 1558 855 1563 -
873 1540 1044 1581 Archiep.0
1064 1539 1247 1580 Maquntino
1263 1539 1379 1571 mand.
1396 1540 1434 1570 ut
1456 1539 1631 1579 dispenset
1654 1538 1857 1570 Giseberum
1876 1539 2004 1570 dictum
2019 1539 2219 1580 Vierdeling

609 1595 642 1625 et
664 1593 809 1625 Thelam
826 1593 980 1625 relictam
997 1594 1123 1634 quond.
1156 1593 1334 1633 Heymrici
1359 1593 1399 1624 de
1421 1592 1545 1630 Hallis‚
1560 1592 1749 1631 oppidanos
1774 1592 1991 1630 Herforden.,
2012 1593 2218 1633 Maguntinae

610 1647 671 1686 di.,
692 1649 730 1679 ut
746 1647 896 1678 matrim.
916 1647 1114 1679 contrahere
1131 1647 1279 1685 valeant,
1304 1647 1385 1678 licet
1411 1647 1522 1677 dictus
1548 1646 1754 1686 Heymricus
1773 1645 1884 1677 eidem
1906 1646 2071 1678 Gisebero
2098 1648 2219 1686 quarto

613 1700 836 1740 consanguin.
856 1701 962 1741 gradu
977 1701 1178 1741 conjunctus
1195 1701 1309 1732 fuerit.
1328 1700 1380 1739 (A.
1398 1702 1448 1737 25,
1466 1700 1488 1730 f.
1506 1701 1564 1731 587
1580 1699 1612 1735 ὓς
1634 1699 1667 1730 V.
1686 1701 1737 1737 81,
1756 1708 1807 1739 ep.
1824 1699 1932 1739 2788.)

659 1751 798 1784 26368.
818 1771 857 1776 —-
872 1753 966 1784 Petro
991 1763 1062 1795 ep.o
1082 1753 1247 1794 Basocensi
1267 1746 1390 1785 induli.
1408 1755 1446 1784 ut
1469 1763 1502 1784 w
1522 1753 1617 1790 cler„
1640 1753 1751 1793 ipsius
1769 1752 1890 1790 famil„
1916 1752 2047 1784 fructus
2068 1754 2219 1784 omnium

612 1808 726 1840 benef.
746 1816 888 1839 suorum
904 1808 947 1839 ad
961 1807 1148 1839 triennium
1163 1807 1293 1848 integre
1308 1808 1509 1848 percipiant,
1527 1807 1602 1838 suis
1616 1806 1791 1847 obsequiis
1809 1807 2009 1838 insistendo.
2028 1825 2066 1830 -
2083 1807 2109 1838 Ι.
2126 1815 2154 1838 e.
2173 1815 2218 1837 m.

613 1862 782 1894 Parisien.
798 1863 831 1893 et
846 1861 996 1893 Melden.
1013 1861 1187 1899 archid.is,
1199 1870 1237 1893 ac
1247 1870 1336 1902 mag.
1352 1861 1539 1893 Bertrando
1552 1860 1732 1898 Bonifacii,
1748 1869 1820 1892 can.
1834 1860 1942 1900 ejusd.
1954 1860 2121 1892 Parisien.
2138 1861 2218 1892 eccl.

614 1917 667 1956 (A.
684 1917 736 1953 25,
753 1915 776 1946 f.
792 1916 854 1946 424
869 1920 901 1952 ·;
921 1915 956 1947 V.
978 1917 1031 1953 81,
1047 1924 1098 1955 ep.
1118 1917 1225 1956 2450.)

659 1966 795 1999 26369.
815 1985 853 1991 -
873 1968 989 2000 Eidem
1009 1969 1154 2000 facultas
1171 1968 1332 2000 testandi.
1354 1968 1407 2008 (A.
1424 1970 1476 2006 25,
1492 1968 1513 2000 f.
1530 1970 1591 2000 424
1607 1974 1638 2005 ³3
1662 1968 1699 1999 V.
1717 1969 1768 2006 81,
1786 1977 1836 2008 ep.
1854 1969 1961 2007 2451.)

659 2074 796 2107 26370.
812 2094 851 2099 -
869 2075 947 2106 Eid.
970 2075 1139 2107 absolutio
1156 2085 1175 2107 a
1185 2076 1378 2116 juramento
1395 2074 1436 2106 ab
1451 2083 1490 2106 eo
1505 2075 1658 2115 praestito
1674 2075 1715 2107 de
1730 2075 1913 2107 visitandis
1931 2075 2164 2115 apostolorum
2182 2075 2223 2106 li-

619 2130 773 2162 minibus
792 2129 941 2170 singulis
960 2130 1071 2167 annis,
1085 2129 1241 2161 Romana
1259 2129 1354 2160 curia
1369 2129 1454 2160 citra
1467 2131 1602 2160 montes
1616 2129 1796 2160 residente.
1813 2128 1865 2167 (A.
1882 2129 1933 2167 25,
1949 2128 1972 2160 f.
1989 2130 2050 2161 424
2065 2128 2099 2166 b;
2118 2129 2154 2160 V.
2171 2130 2222 2167 81,

617 2193 668 2224 ep.
686 2185 793 2222 2452.)

628 2235 634 2243 “
664 2234 800 2266 26371.
826 2254 863 2259 -
879 2236 993 2267 Eidem
1010 2237 1133 2268 indult.
1151 2236 1395 2268 reconciliandi
1410 2245 1470 2276 per
1484 2236 1590 2268 alium
1612 2236 1692 2268 eccl.
1717 2237 1750 2267 et
1770 2238 1916 2268 monast.
1933 2236 2061 2268 violata
2084 2245 2224 2268 suarum

618 2292 711 2323 civit.
729 2293 762 2323 et
776 2291 822 2322 di.
842 2290 895 2329 (A.
910 2291 962 2329 25,
979 2290 1001 2322 f.
1019 2292 1080 2321 424
1095 2290 1125 2328 ¹³;
1146 2290 1179 2321 V.
1193 2292 1245 2328 81,
1263 2298 1315 2330 ep.
1331 2291 1439 2329 2453.)

664 2342 806 2374 26372.
823 2361 860 2366 -
882 2344 967 2384 May.
993 2343 1110 2374 loanni
1133 2343 1269 2381 Nicolai,
1289 2343 1433 2383 archipr.
1463 2343 1543 2374 eccl.
1565 2352 1592 2375 s.
1611 2343 1787 2375 Laurentii
1811 2343 1852 2375 de
1873 2344 2022 2380 Fusano‚
2041 2344 2224 2384 Anagnin„

622 2399 724 2438 Papae
741 2397 912 2438 scriptori,
927 2398 1050 2429 indult.
1066 2400 1116 2435 ut,
1132 2398 1167 2428 in
1183 2398 1339 2429 Romana
1353 2397 1447 2428 curia
1461 2397 1592 2428 ratione
1606 2397 1660 2428 off.
1678 2397 1867 2437 scriptoriae
1877 2398 1919 2429 A.
1938 2397 1971 2429 S.
1989 2397 2163 2438 obsequiis
2178 2399 2226 2429 in-

620 2452 760 2490 sistens,
779 2451 915 2483 fructus
933 2453 1082 2482 omnium
1097 2451 1208 2482 benef.
1224 2459 1363 2482 suorum
1378 2450 1508 2490 integre
1522 2450 1698 2490 percipiat.
1719 2468 1757 2473 -—
1773 2450 1798 2481 I.
1819 2459 1848 2482 e.
1867 2459 1912 2482 m.
1927 2450 2076 2483 Guidoni
2091 2452 2131 2483 de
2148 2451 2224 2483 Col—

622 2506 781 2544 lemedio,
800 2505 985 2544 Anagnin„
1000 2508 1030 2536 et
1045 2505 1187 2536 Nicolao
1202 2505 1243 2536 de
1256 2504 1402 2542 Fractis,
1419 2505 1610 2542 Patracen.‚
1626 2513 1664 2535 ac
1676 2504 1800 2535 Joanni
1818 2504 1858 2536 de
1878 2503 2011 2543 TrebiS,
2029 2505 2226 2536 Marsicanae

626 2560 706 2591 eccl.
726 2569 799 2591 can.
818 2559 869 2598 (A.
886 2561 939 2597 25,
958 2559 981 2590 f.
999 2560 1059 2591 452
1077 2564 1110 2595 ⁸3
1132 2559 1167 2590 V.
1183 2559 1236 2596 81,
1252 2567 1304 2598 ep.
1320 2559 1427 2598 2505.)

667 2610 804 2644 26373.
829 2631 867 2636 -
890 2612 993 2655 Praep.
1017 2612 1088 2643 eccl.
1116 2612 1258 2644 Bremen.
1276 2613 1390 2643 mand.
1417 2614 1453 2644 ut
1469 2612 1628 2652 procedat
1650 2612 1692 2643 ad
1716 2611 1950 2644 executionem
1966 2613 2031 2644 litt.
2052 2613 2160 2652 apost.
2176 2620 2225 2643 ar-

623 2666 755 2706 chiep.o
772 2667 967 2704 Bremensi,
985 2666 1019 2697 in
1043 2667 1198 2698 Romana
1219 2666 1314 2697 curia
1338 2665 1575 2703 commoranti,
1596 2665 1814 2703 directarum,
1830 2674 1892 2705 pro
1914 2666 2065 2706 dispens.
2083 2665 2227 2697 Arnoldi

630 2720 670 2751 de
685 2720 880 2759 Steinbeke,
895 2721 1028 2752 acolithi
1046 2720 1244 2752 Bremensis
1259 2720 1319 2757 di.,
1338 2719 1379 2751 de
1398 2719 1511 2759 presb.
1531 2721 1564 2751 et
1582 2719 1694 2750 soluta
1708 2719 1826 2759 geniti,
1842 2720 1878 2750 ut
1894 2727 2012 2750 omnes
2030 2719 2102 2750 ord.
2119 2720 2152 2750 et
2169 2718 2227 2750 be-

630 2774 697 2805 nes.
717 2774 819 2805 otiam
836 2783 864 2806 c.
882 2785 909 2806 (·.
928 2775 1079 2814 recipere
1096 2775 1216 2805 valeat.
1238 2773 1290 2813 (A.
1310 2775 1362 2812 25,
1381 2774 1403 2805 f.
1420 2775 1479 2805 463
1495 2778 1525 2810 ²3
1552 2773 1587 2805 V.
1607 2775 1657 2811 81,
1676 2782 1727 2813 ep.
1746 2774 1851 2811 2527.)

671 2824 809 2858 26374.
825 2845 863 2850 —
880 2827 1070 2868 Enqelberto
1085 2827 1122 2858 de
1140 2827 1262 2858 Ulerike
1274 2827 1410 2858 collatio
1421 2835 1539 2858 canon.
1557 2828 1589 2858 et
1604 2826 1707 2866 praeb.
1723 2825 1803 2857 eccl.
1819 2834 1847 2857 s.
1862 2834 1889 2856 s.
1907 2825 2150 2864 Apostolorum
2166 2825 2225 2857 Co·

623 2881 763 2919 Ionian„
780 2882 976 2912 vacantium
1001 2890 1054 2920 1‘1
1083 2880 1211 2912 obitum
1231 2881 1319 2921 apud
1335 2881 1369 2913 S.
1391 2881 1431 2912 A.
1452 2880 1650 2912 Godescalci
1670 2880 1710 2910 de
1730 2879 1872 2915 sosat0;
1896 2887 1962 2910 non
1979 2878 2066 2910 obst.
2087 2879 2177 2919 quod
2193 2879 2229 2910 in

625 2936 769 2966 ecclesia
786 2944 814 2965 s.
830 2935 974 2966 Andreae
986 2935 1161 2965 commen.
1181 2936 1275 2966 motu
1291 2934 1430 2974 proprio
1442 2943 1461 2964 a
1472 2933 1573 2972 capit.
1589 2934 1622 2964 in
1639 2932 1837 2964 canonicum
1852 2932 1896 2963 sit
1910 2935 2065 2971 receptus
2078 2933 2111 2963 et
2125 2932 2227 2972 praeb.

626 2989 780 3027 expectet
799 2988 834 3018 in
858 2988 986 3018 eudem.
1005 3005 1039 3009 —
1062 2989 1085 3016 l.
1109 2996 1126 3017 e
1165 2996 1210 3018 m.
1236 2987 1347 3018 abbati
1372 2988 1517 3018 monast.
1537 2995 1564 3017 s.
1583 2985 1813 3023 Pantaleonis,
1831 2986 1863 3016 et
1885 2985 2022 3016 scolast.
2042 2993 2069 3015 s.
2091 2984 2229 3026 Georgii

607 3099 642 3105 —
660 3084 691 3111 T.
715 3085 759 3113 VI.
2054 3082 2090 3110 38
