2540 3496
210 399 316 426 Datum
330 394 516 428 Avenione.

246 501 285 529 3¹
302 501 371 529 maii
388 500 479 530 1326.

261 549 295 578 (11
315 546 376 574 kal.
389 545 466 582 jun.)

264 591 296 618 T.
313 591 373 622 XII,
390 590 462 618 XIV.

211 931 224 957 Ι
245 929 332 964 (kal.)
344 930 413 964 jun.
435 929 525 958 4326.

305 975 336 1002 T.
358 974 429 1002 XVI.

327 1037 364 1065 Ut
383 1046 406 1065 s·

294 1082 326 1110 Τ.
343 1082 440 1112 XXIV.

330 1198 367 1226 Ut
382 1207 406 1225 s.

309 1243 342 1270 T.
365 1243 423 1270 XX.

327 1358 366 1387 Ut
386 1367 411 1387 s.

275 1404 308 1433 Τ.
325 1404 372 1437 ΧΙ,
389 1403 463 1432 xm.

335 1573 371 1601 Ut
386 1581 410 1600 s.

297 1618 328 1646 Τ.
344 1618 450 1646 LXXX.

331 1842 368 1870 Ut
388 1851 412 1870 s.

317 1887 349 1914 Τ.
371 1887 427 1914 XX.

339 2218 377 2245 Ut
397 2226 422 2245 s,

313 2263 344 2290 T.
365 2263 446 2290 XXX.

344 2806 381 2835 Ut
401 2815 425 2835 s,

294 2851 325 2879 T.
343 2852 390 2886 xl,
404 2851 478 2879 x111.

570 308 745 340 JOANNIS
769 309 888 340 PAPAE
910 309 1013 339 XXII.
1038 310 1288 347 (1318-1334).
1312 327 1350 332 -—
1373 307 1560 339 LITTERAE
1583 307 1810 338 COMMUNES
2158 311 2216 340 211

654 497 793 530 25521.
810 518 849 523 -
865 499 1015 542 Philippo
1028 500 1063 530 de
1075 499 1237 531 Meleduno
1250 499 1387 531 collatio
1406 509 1525 530 canon.
1549 502 1582 531 et
1599 499 1701 539 praeb.
1723 499 1804 531 eccl.
1826 498 2047 536 Senonensis‚
2071 507 2141 529 vac.
2162 507 2222 538 per

610 553 741 585 obitum
759 554 853 585 Petri
871 554 1011 593 Divitis,
1032 553 1066 585 S.
1086 554 1128 585 A.
1149 563 1242 594 cap.;
1263 562 1331 585 non
1347 554 1434 585 obst.
1452 554 1541 593 quod
1563 553 1599 584 in
1615 553 1787 584 Parisien.
1804 554 1837 584 et
1853 553 2033 584 Carnoten.
2052 560 2171 583 canon.
2190 554 2223 583 et

609 607 727 648 praeb.‚
751 608 785 638 in
803 607 920 639 eadem
939 608 1119 639 Carnoten.
1137 607 1364 647 praepositura
1383 607 1424 638 de
1449 607 1615 638 Adversio
1637 616 1712 647 quae
1727 615 1788 638 nec
1805 607 1896 646 dign.
1922 615 1983 637 nec
2004 607 2222 646 personatus,

611 661 671 692 sed
688 661 836 701 simplex
855 662 910 692 off.
931 670 958 692 s.
980 670 1009 692 c.
1029 661 1159 696 existit,
1178 662 1212 692 et
1226 661 1262 692 in
1277 661 1434 700 Bajocen.
1462 661 1543 692 eccl.
1561 660 1828 692 subdecanatum
1846 661 1879 691 et
1902 668 2021 691 canon.
2043 659 2108 690 sub
2123 667 2221 698 exsp.

610 714 716 754 praeb.
731 715 894 750 obtineat,
913 724 950 746 ac
967 715 1007 746 de
1018 724 1138 746 canon.
1150 716 1183 746 et
1198 714 1302 754 praeb.
1322 715 1403 745 eccl.
1421 714 1666 754 Rothomagen.
1679 714 1805 754 litiget;
1821 714 1976 744 cassatur
1991 721 2086 753 prov.
2103 720 2223 743 canon.

612 768 693 800 eccl.
710 769 877 800 Senonen.
894 768 1064 808 praedictae
1085 768 1149 799 sub
1167 776 1263 807 exsp.
1283 767 1387 807 praeb.
1404 785 1442 790 —-
1457 768 1483 798 Ι.
1499 776 1528 798 e.
1548 776 1593 798 m.
1614 776 1642 799 s.
1663 767 1845 799 Genovefae
1859 766 2043 804 Parisien.‚
2064 767 2097 798 et
2114 774 2142 797 s.
2162 765 2225 797 Co-

611 822 736 853 lumbae
755 830 860 862 prope
884 821 1029 857 Senonis
1054 823 1202 852 monast.
1220 820 1310 856 abb„
1329 830 1366 852 ac
1383 829 1469 860 mag.
1491 821 1686 852 Theobaldo
1710 821 1750 852 de
1770 820 1983 858 Fontanella‚
1999 829 2073 851 can.
2099 819 2225 851 Abrin-

613 884 686 906 cen.
708 875 759 912 (A.
778 877 830 912 25,
851 875 875 906 f.
891 877 949 906 115
966 874 997 912 b;
1021 874 1054 905 V.
1073 876 1124 912 81,
1141 883 1193 914 ep.
1213 875 1315 914 1762.)

659 925 797 958 25522.
818 946 857 951 -
875 928 990 960 Jacobo
1016 927 1203 965 Alexandri,
1223 927 1304 959 cler.
1322 927 1457 967 Regin,
1474 936 1541 958 non
1555 927 1732 967 conjugato
1755 936 1815 959 nec
1831 928 1867 958 in
1882 927 1989 959 sacris
2010 928 2082 958 ord.
2101 927 2226 958 consti-

613 984 699 1019 tuto,
713 991 806 1014 conc.
823 982 1066 1013 tabellionatus
1082 981 1246 1013 officium.
1265 981 1317 1022 (A.
1334 982 1385 1016 24,
1405 981 1427 1011 f.
1446 982 1504 1012 118
1521 986 1552 1018 ⁸;
1574 980 1607 1011 V.
1622 982 1673 1018 80,
1691 990 1744 1020 ep.
1763 982 1868 1020 1521.)

660 1033 798 1066 25523,
816 1053 856 1058 -
873 1035 1028 1066 Anibaldo
1047 1035 1207 1075 archiep.o
1222 1034 1434 1075 Neapolitano
1449 1034 1702 1066 testimoniales
1718 1035 1945 1074 promotionis
1958 1035 2000 1066 ad
2011 1035 2225 1074 presbytera-

612 1090 670 1120 tus
695 1089 766 1120 ord.
793 1091 826 1120 et
852 1089 1120 1120 consecrationis
1129 1097 1139 1126 ;
1169 1097 1246 1119 cum
1269 1088 1409 1119 licentia
1434 1087 1614 1119 recedendi
1635 1097 1652 1119 e
1678 1088 1784 1119 curia.
1807 1088 1858 1128 (A.
1884 1089 1934 1126 25,
1955 1088 1979 1118 f.
1994 1090 2034 1120 46
2054 1093 2082 1125 ³;
2117 1088 2153 1119 V.
2175 1089 2227 1126 81,

614 1151 667 1182 ep.
685 1142 791 1183 1584.)

659 1193 800 1226 25524.
821 1214 859 1219 —
878 1195 962 1236 Epa
986 1195 1233 1227 Barchinonensi
1248 1195 1363 1226 mand.
1381 1196 1417 1226 ut
1433 1195 1609 1234 dispenset
1625 1195 1767 1226 Petrum
1788 1195 1957 1235 Poysson,
1976 1195 2144 1226 scolarem
2160 1203 2231 1226 suae

615 1250 675 1286 di.,
693 1250 733 1281 de
749 1249 863 1290 presb.
889 1251 922 1280 et
936 1249 1056 1280 soluta
1073 1249 1237 1290 genitum,
1261 1249 1310 1280 ita
1331 1249 1422 1288 quod
1440 1249 1482 1279 ad
1505 1257 1623 1280 omnes
1644 1249 1716 1280 ord.
1740 1248 1935 1288 promoveri
1952 1251 1984 1280 et
1996 1248 2110 1280 benef.
2127 1248 2232 1280 etiam

616 1313 644 1335 c.
663 1312 691 1334 c.
709 1303 863 1334 obtinere
882 1302 1005 1334 valeat.
1021 1303 1076 1343 (A.
1093 1305 1143 1339 25,
1163 1303 1187 1334 f.
1204 1304 1244 1334 60
1261 1302 1291 1339 b3
1310 1302 1345 1334 V.
1362 1303 1414 1339 81,
1430 1310 1484 1342 ep.
1501 1303 1607 1340 1617.)

661 1354 800 1387 25525.
818 1376 856 1380 -
875 1356 1054 1388 Bertrando
1079 1356 1116 1387 de
1133 1356 1308 1397 Bruqeriis,
1329 1356 1409 1387 cler.
1426 1356 1606 1387 Caturcen.
1626 1356 1686 1393 di.,
1709 1356 1819 1395 gratia.
1840 1364 1936 1395 exsp.
1959 1355 2071 1387 benef.
2089 1357 2129 1394 (c.
2147 1364 2174 1387 c.
2193 1357 2234 1387 80

616 1411 670 1442 vel
689 1419 718 1442 s.
735 1420 763 1442 c.
787 1412 827 1442 50
845 1410 870 1441 1.
894 1412 947 1450 t.)‚
971 1410 1007 1441 in
1023 1410 1116 1442 civit.
1132 1410 1187 1442 vel
1204 1410 1252 1441 di.
1270 1409 1526 1445 Montisalban„
1554 1409 1677 1449 pertin.
1696 1410 1738 1440 ad
1757 1409 1870 1440 collat.
1891 1410 1959 1449 ep.i
1977 1409 2233 1440 Montisalbani.

616 1483 655 1488 —
673 1465 699 1496 I.
721 1473 752 1496 e.
772 1473 817 1495 m.
835 1473 912 1504 ep.o
937 1464 1152 1498 Caturcensi.
1175 1465 1210 1495 et
1233 1463 1311 1494 abb.
1337 1465 1485 1494 monast.
1512 1463 1736 1503 Moysiacen.‚
1765 1463 1944 1494 Caturcen.
1970 1463 2029 1498 di.,
2054 1472 2091 1494 ac
2108 1463 2234 1494 decano

618 1519 698 1550 eccl.
716 1517 1002 1558 Engolismensis.
1017 1517 1071 1558 (Α.
1088 1518 1140 1555 25,
1152 1517 1175 1548 f.
1190 1518 1230 1548 65
1245 1516 1278 1555 ὓς
1299 1517 1337 1548 V.
1351 1519 1402 1554 81,
1421 1526 1474 1556 ep.
1494 1517 1599 1556 1640.)

664 1569 800 1601 25528.
822 1589 859 1594 -
877 1571 1080 1608 Patriarchis,
1094 1571 1262 1612 archiep.is
1278 1575 1306 1601 et
1316 1571 1395 1612 ep.is
1402 1581 1462 1612 per
1470 1571 1650 1612 provincias
1660 1569 1854 1601 Lombardiae
1869 1574 1898 1600 et
1914 1570 2032 1601 Tusciae
2047 1570 2234 1608 constitutis,

618 1626 660 1657 ad
674 1636 750 1668 quos
763 1630 931 1667 praesentes
947 1625 1159 1666 pervenerint,
1176 1625 1291 1656 mand.
1314 1627 1352 1656 ut
1370 1625 1411 1656 de
1432 1626 1502 1656 vita
1517 1625 1714 1661 mulierum,
1734 1634 1809 1664 quae
1826 1624 1980 1664 beghinae
1997 1625 2236 1664 nuncupantur

618 1683 652 1712 et
669 1679 890 1712 laudabiliter
903 1679 1035 1714 vivunt,
1053 1679 1255 1719 diligentius
1274 1679 1463 1716 informati,
1482 1688 1547 1710 non
1572 1679 1770 1719 permittant
1789 1687 1847 1709 eas
1863 1678 2042 1710 molestari
2059 1678 2236 1709 occasione

618 1733 863 1774 prohibitionis
882 1735 915 1764 et
933 1732 1134 1764 abolitionis
1148 1742 1209 1773 per
1224 1732 1435 1764 Clementem
1451 1733 1490 1763 P.
1510 1733 1547 1763 P.
1566 1733 1596 1763 V
1616 1733 1712 1763 factae
1728 1733 1769 1763 de
1784 1733 1875 1763 statu
1893 1732 2039 1763 istarum
2051 1732 2236 1763 mulierum

619 1788 790 1828 praecipue
806 1788 840 1818 in
859 1786 1074 1818 Alamanniae
1089 1787 1257 1826 partibus.
1277 1787 1331 1826 (A.
1346 1788 1399 1824 25,
1416 1786 1438 1817 f.
1455 1788 1493 1817 78
1513 1792 1544 1823 ει;
1568 1786 1600 1816 V.
1618 1787 1670 1822 81,
1688 1795 1741 1826 ep.
1760 1786 1866 1826 1670.)

665 1838 804 1870 25527.
829 1859 868 1864 -
890 1840 978 1882 Epo
1001 1840 1167 1872 Valentino
1185 1840 1300 1871 mand.
1315 1842 1353 1871 ut
1366 1840 1492 1871 Jacobo
1509 1840 1699 1880 Zaguardia
1715 1842 1748 1871 et
1766 1840 1903 1880 AEgidio
1921 1839 2060 1871 Martini
2073 1840 2238 1877 Denteza,

620 1896 718 1927 laicis
737 1904 807 1926 suae
826 1895 886 1931 di.,
905 1894 1146 1926 executoribus
1161 1894 1359 1926 testamenti
1379 1894 1550 1933 quondam
1566 1893 1719 1925 Saurinae
1741 1894 1903 1929 Denteza,
1922 1893 2049 1924 relictae
2067 1893 2239 1932 quondam

620 1949 759 1989 Rogerii
774 1949 815 1980 de
829 1949 967 1986 Lauria,
979 1948 1140 1979 admirati
1155 1956 1338 1988 regnorum
1349 1947 1475 1980 Siciliae
1492 1949 1524 1978 et
1539 1948 1730 1987 Aragoniae,
1747 1947 1872 1984 viduae,
1893 1956 1968 1987 quae
1984 1947 2019 1977 in
2035 1947 2125 1978 dicto
2138 1947 2241 1978 testa-

620 2005 735 2034 mento
752 2002 923 2033 ordinavit
939 2002 1031 2042 quod
1050 2011 1158 2033 unum
1179 2002 1332 2033 solemne
1352 2002 1499 2032 monast.
1519 2010 1676 2032 sororum
1701 2001 1774 2032 ord.
1799 2010 1827 2031 s.
1848 2001 1956 2032 Clarae
1981 2000 2135 2031 construi
2149 2002 2182 2031 et
2198 2000 2240 2031 de

621 2056 720 2088 bonis
735 2056 809 2087 suis
823 2056 934 2087 dotari
950 2055 1089 2087 deberet
1106 2055 1143 2086 in
1163 2055 1248 2087 villa
1263 2055 1401 2090 Xativa,
1419 2055 1517 2086 dictae
1539 2055 1598 2092 di.,
1617 2055 1778 2086 concedat
1796 2054 1971 2086 licentiam
1990 2054 2154 2085 fundandi
2172 2054 2240 2085 dic-

620 2112 694 2141 tum
721 2110 881 2144 monast.,
902 2108 1158 2141 sufficientibus
1181 2108 1374 2140 redditibus
1391 2117 1453 2148 pro
1473 2117 1522 2139 xit
1542 2108 1720 2139 sororibus
1747 2108 1944 2148 assignatis.
1970 2108 2022 2146 (A.
2045 2109 2095 2144 25,
2113 2107 2136 2138 f.
2153 2108 2192 2138 88
2209 2107 2239 2144 b;

628 2164 663 2195 V.
683 2165 735 2200 81,
755 2172 808 2203 ep.
830 2165 927 2200 1702;
946 2162 1065 2200 Eubel‚
1086 2162 1269 2193 Bullarium
1284 2162 1543 2199 Franciscwum,
1559 2164 1584 2193 t.
1601 2163 1642 2197 V,
1663 2171 1694 2202 p.
1711 2164 1781 2197 301,
1802 2171 1834 2192 n.
1850 2163 1935 2200 611.)

667 2214 803 2247 25528.
827 2235 866 2239 -
892 2216 1040 2253 Toletano
1062 2220 1090 2246 et
1112 2215 1363 2257 Compostellano
1388 2215 1569 2257 archiepis,
1588 2225 1623 2246 ac
1643 2225 1712 2256 ep.o
1736 2215 1904 2256 Buryensi.
1924 2215 2166 2255 Exposuerunt
2183 2215 2238 2246 Al-

622 2271 786 2311 phonsus,
804 2271 962 2302 Castellae
977 2273 1010 2301 et
1033 2271 1196 2310 Legionis
1212 2279 1282 2307 rex,
1299 2271 1332 2301 et
1345 2279 1378 2301 n.
1396 2279 1429 2301 v.
1445 2269 1639 2309 Philippus,
1657 2270 1731 2309 ejus
1749 2271 1906 2309 patruus,
1923 2269 2014 2309 quod
2029 2270 2169 2300 vacante
2183 2268 2243 2299 du·

623 2325 703 2356 dum
728 2325 930 2364 magistratu
954 2324 1027 2355 ord.
1050 2324 1184 2355 militiae
1207 2324 1435 2359 Calatraven.,
1457 2323 1678 2354 cisterciensi
1696 2324 1767 2354 ord.
1790 2323 1988 2354 immediate
2009 2322 2164 2362 subjecti,
2183 2330 2243 2361 per

623 2379 851 2419 privationem
867 2378 998 2410 Garsiae
1013 2378 1135 2418 Luppi,
1153 2379 1291 2418 propter
1305 2386 1403 2408 suam
1415 2377 1710 2414 insufficientiam,
1728 2377 1853 2407 fratres
1867 2376 1976 2416 ejusd.
1996 2376 2128 2407 militiae
2141 2376 2242 2407 Joan-

625 2441 701 2464 nem
719 2432 838 2469 Nunii,
857 2431 1041 2471 praelibatae
1059 2431 1193 2462 militiae
1216 2431 1438 2471 clavigerum,
1453 2431 1494 2461 de
1510 2430 1617 2461 nobili
1636 2430 1796 2470 prosapia
1811 2430 1977 2470 genitum,
2000 2430 2112 2460 virum
2128 2429 2243 2469 magni

625 2486 776 2523 consilii,
793 2486 827 2516 in
845 2494 1020 2516 armorum
1036 2485 1200 2517 exercitio
1215 2486 1406 2520 strenuum,
1424 2485 1459 2515 in
1475 2493 1563 2524 mag.
1579 2484 1793 2515 concorditer
1811 2484 1987 2523 elegerunt
2005 2485 2038 2514 et
2053 2483 2143 2514 dicto
2157 2482 2241 2522 regi,

625 2542 662 2572 ut
681 2548 862 2571 assensum
888 2548 988 2570 suum
1012 2540 1121 2576 daret,
1147 2539 1345 2579 hujusmodi
1369 2538 1573 2570 electionem
1595 2538 1856 2578 praesentarunt.
1883 2538 1969 2568 Cum
1992 2539 2106 2568 autem
2131 2536 2243 2567 dictus

624 2595 775 2626 Joannes
790 2594 832 2624 de
849 2593 962 2625 soluto
978 2593 1115 2633 genitus
1135 2595 1167 2624 et
1183 2593 1297 2624 soluta
1313 2594 1367 2630 sit,
1386 2601 1446 2623 rex
1461 2594 1495 2623 et
1510 2592 1694 2631 Philippus
1712 2591 1845 2631 praefati
1861 2591 1990 2630 Papam
2007 2590 2243 2629 supplicarunt

626 2650 662 2679 ut
678 2647 778 2679 illum
794 2656 897 2687 super
918 2647 1052 2678 defectu
1069 2646 1237 2678 natalium
1256 2647 1457 2686 dispensare
1475 2647 1508 2677 et
1530 2646 1655 2676 dictam
1681 2645 1883 2676 electionem
1908 2644 2109 2675 confirmare
2127 2643 2242 2683 digna-

626 2702 730 2732 retur.
744 2700 856 2737 Quare
875 2700 969 2740 Papa
986 2700 1168 2740 archiep.is
1182 2702 1215 2731 et
1230 2709 1307 2739 ep.o
1322 2699 1529 2739 supradictis
1548 2699 1732 2730 committit
1750 2702 1786 2729 ut
1804 2706 1907 2738 super
1923 2697 2113 2737 praemissis
2129 2696 2243 2735 inqui-

628 2756 704 2786 rant
718 2755 751 2785 et
768 2755 883 2794 ipsum
899 2755 940 2785 de
960 2754 1120 2785 omnibus
1136 2753 1334 2785 informent.
1353 2751 1408 2795 (A.
1426 2754 1477 2790 25,
1494 2753 1517 2784 f.
1535 2754 1573 2784 91
1591 2752 1621 2789 Ι);
1641 2752 1676 2783 V.
1694 2753 1744 2787 81,
1760 2761 1812 2791 ep.
1831 2750 1938 2790 1712.)

673 2805 810 2837 25529.
832 2827 869 2831 -
891 2807 1062 2838 Raimundo
1085 2807 1123 2838 de
1142 2807 1264 2846 Cumis,
1281 2808 1363 2838 cler.
1381 2807 1549 2839 Sarlaten.
1577 2807 1635 2842 di.,
1652 2806 1761 2846 gratia
1781 2814 1875 2844 exsp.
1895 2804 2007 2835 benef.
2027 2805 2067 2843 (c.
2086 2813 2113 2834 c.
2131 2804 2170 2834 80
2188 2803 2242 2834 vel

629 2870 656 2893 s.
676 2871 704 2892 c.
720 2861 798 2894 401.
813 2863 865 2900 t.)‚
883 2862 1005 2902 pertin.
1025 2862 1067 2893 ad
1081 2861 1197 2893 collat.
1211 2861 1281 2901 ep.i
1297 2860 1517 2892 Sarlatensis.
1536 2878 1573 2883 -—
1588 2859 1615 2891 1.
1635 2868 1664 2891 e.
1681 2868 1725 2890 m.
1744 2858 1945 2898 praecentori
1962 2857 2190 2894 Mimatensis,
2208 2857 2242 2888 et

629 2915 779 2946 Arnaldo
796 2916 837 2946 de
855 2915 1009 2950 Petrina,
1033 2915 1220 2952 Turonen.,
1240 2923 1278 2946 ac
1299 2915 1486 2946 Bertrando
1506 2915 1547 2945 de
1570 2913 1797 2949 Claromonte,
1820 2911 2042 2942 Colimbrien.
2063 2919 2135 2941 can.
2157 2910 2241 2942 eccl.

629 2969 683 3008 (A.
701 2970 751 3005 25,
767 2968 790 2999 f.
808 2970 868 3000 100
886 2968 915 3004 ¹³3
937 2968 973 3000 V.
989 2970 1041 3007 81,
1061 2977 1114 3008 ep.
1132 2969 1237 3007 1719.)
