2540 3496
199 403 304 431 Datum
326 398 510 432 Avenione.

208 505 222 532 Ι
240 503 326 539 (kal.)
340 503 398 531 dec.
418 502 508 531 4325.

290 548 322 575 T.
342 548 424 576 XXX.

319 879 355 907 Ut
375 887 398 907 S.

289 924 320 951 T.
341 923 423 951 XXX.

166 1037 188 1066 2
205 1041 248 1074 (ιν
271 1038 352 1070 non.)
370 1038 429 1066 dec.
451 1037 540 1067 1325.

331 1083 376 1111 Gr.

311 1251 346 1280 Ut
366 1260 390 1280 s.

261 1297 291 1324 T.
309 1297 357 1331 XI,
372 1297 444 1325 xlll.

311 1466 348 1495 Ut
369 1476 393 1495 s.

296 1512 327 1540 Τ.
343 1512 399 1550 XL.

157 2324 179 2353 3
195 2325 244 2362 (ιιι
263 2325 346 2358 ιιοιι.)
364 2326 424 2355 dec.
443 2326 533 2357 1325.

289 2370 319 2398 T.
338 2371 395 2398 XX.

303 2539 340 2567 Ut
359 2548 384 2568 s.

249 2583 281 2611 Τ.
300 2584 346 2619 Xl,
365 2584 437 2612 XIII.

305 2751 343 2780 Ut
363 2761 388 2781 s.

252 2796 283 2825 T.
300 2797 348 2833 XI,
362 2797 436 2827 XIII.

308 2965 345 2993 Ut
365 2973 389 2993 s.

253 3009 285 3037 Τ.
303 3009 350 3044 ΧΙ,
363 3009 436 3038 XIII.

571 309 747 341 JOANNIS
771 308 891 340 PAPAE
913 308 1015 339 XXII.
1039 308 1289 349 (1316-1334).
1313 327 1351 331 —
1375 307 1564 338 LITTERAE
1587 307 1815 338 COMMUNES
2180 313 2219 342 61

651 498 788 530 23979.
811 518 850 523 -
877 499 1071 542 officialibus
1084 505 1114 531 et
1131 499 1298 530 rectoribus
1320 499 1455 530 civitatis
1469 499 1613 530 Senensis
1630 499 1742 531 mand.
1763 500 1811 537 ut,
1833 499 1897 530 sub
1915 508 2046 531 excom.
2065 501 2099 531 in
2114 510 2172 532 eos
2189 503 2222 534 et

603 554 776 586 interdicti
794 554 827 585 in
843 554 1017 585 civitatem
1035 553 1209 593 praefatam
1229 554 1349 593 poeniS,
1369 553 1517 584 Fredum
1532 553 1572 584 de
1589 552 1798 584 Tholomaeis
1814 553 1901 590 mil.,
1918 554 1950 585 et
1963 554 2091 585 Dinum
2106 555 2220 595 Lippi,

603 609 836 648 Compngnum
853 608 965 645 Gesis,
986 609 1018 638 et
1041 607 1172 638 Minum
1193 607 1338 642 Alberti,
1357 607 1450 637 cives
1473 606 1655 644 Senenses‚
1681 607 1888 646 compellant
1912 609 1950 638 ut
1973 609 2221 639 monasterium

603 671 630 693 s.
650 662 795 702 Eugenii
815 662 856 692 ad
872 662 910 693 R.
924 662 962 694 E.
979 661 1075 692 nullo
1091 661 1203 692 medio
1218 661 1354 700 pertin.,
1373 660 1412 692 O.
1431 661 1465 692 S.
1481 660 1534 695 Β.,
1551 660 1673 691 Senen.
1694 660 1752 697 di.‚
1766 659 1808 691 ab
1825 660 1923 700 ipsis,
1939 660 2061 692 abbate
2079 663 2110 693 et
2124 670 2221 692 conv.

602 716 733 756 ejectis,
762 716 883 746 iterato
910 716 1111 754 occupatum
1135 714 1274 745 omnino
1302 714 1487 753 dimittant,
1514 715 1547 745 et
1568 714 1655 745 bona
1683 714 1810 750 omnia,
1839 714 2022 755 privilegia
2049 715 2162 746 ablata
2189 717 2222 746 et

603 769 733 800 fructus
758 777 818 808 per
841 778 880 799 xv
904 777 1012 800 annos
1038 770 1214 807 perceptos
1235 767 1276 798 ab
1300 768 1351 798 eis
1371 767 1509 798 omnino
1533 767 1727 799 restituant.
1754 767 1807 808 (A.
1832 769 1883 806 25,
1909 768 1932 799 f.
1962 769 2021 800 130
2047 774 2078 807 ⁸5
2108 769 2144 800 V.
2169 771 2220 806 81,

603 832 657 863 ep.
675 824 780 860 1798.)

649 873 787 905 23980.
806 892 843 898 -
859 875 942 916 May.
969 866 1086 906 Joanm'
1104 874 1142 904 de
1167 873 1340 914 Columpna
1365 874 1483 905 archid.
1517 874 1703 912 Vivariensi,
1728 874 1826 916 Papae
1845 880 1923 913 not„
1942 881 1970 906 et
1994 875 2063 906 abb.
2087 882 2220 908 monast.

608 928 868 966 Vallisumbrosae,
892 938 927 958 ac
954 927 1105 968 Philippo
1126 927 1246 968 Salpia,
1272 937 1339 958 can.
1373 927 1563 965 Florentino,
1591 929 1818 960 committitur
1847 929 2003 961 executio
2031 930 2220 970 supradicti

601 982 728 1018 mandi,
746 982 894 1012 instante
909 981 1061 1012 Serafino
1078 981 1159 1011 dicti
1176 982 1320 1012 monast.
1340 980 1472 1011 abbate.
1493 981 1544 1019 (A.
1561 983 1613 1016 25,
1631 981 1652 1013 f.
1675 983 1732 1012 131
1751 987 1779 1019 ⁸3
1803 982 1838 1014 V.
1858 984 1908 1019 81,
1929 992 1981 1022 ep.
2003 985 2108 1022 1799.)

647 1032 782 1064 23981.
814 1052 853 1058 —
878 1034 1013 1066 Feltren.
1034 1038 1063 1064 et
1080 1033 1244 1064 Bellunen.
1260 1034 1350 1074 ep.is,
1369 1044 1404 1064 ac
1430 1044 1512 1074 may.
1540 1034 1697 1065 Feliciano
1714 1035 1750 1066 de
1764 1035 1894 1073 Assio-io,
1915 1036 2039 1074 Macen„
2058 1041 2087 1068 et
2103 1037 2219 1068 Jacobo

601 1088 638 1119 de
656 1088 790 1119 Tosectis
806 1088 843 1118 de
868 1086 958 1125 Urbe,
974 1086 1177 1118 Ebredunen.
1197 1087 1271 1126 eccl.
1293 1097 1373 1123 can„
1393 1088 1506 1118 mand.
1533 1090 1569 1118 ut
1586 1089 1814 1128 Margaretam
1838 1091 1953 1121 natam
1977 1091 2159 1122 Raimundi
2177 1092 2218 1123 de

600 1141 758 1173 Malhana
777 1141 850 1172 mil.
878 1141 1104 1180 Avenionen.,
1121 1141 1236 1181 legum
1257 1141 1419 1176 doctoris,
1443 1141 1548 1181 recipi
1570 1141 1694 1173 faciant
1711 1141 1744 1172 in
1764 1144 1910 1174 monast.
1937 1144 2135 1181 Artaecellae,
2157 1153 2219 1184 per

598 1195 747 1235 priorem
763 1196 797 1226 et
809 1195 1012 1235 priorissam
1030 1194 1131 1226 solito
1143 1194 1237 1234 gub.,
1253 1194 1292 1226 Ο.
1307 1194 1341 1225 S.
1361 1195 1413 1230 Β.,
1433 1195 1564 1234 Aquen.
1581 1195 1627 1225 di.
1645 1194 1700 1235 (A.
1718 1196 1768 1232 24,
1789 1195 1811 1226 f.
1830 1197 1887 1227 241
1902 1196 1933 1233 b;
1951 1196 1984 1228 V.
2002 1197 2053 1234 80,
2066 1206 2119 1237 ep.
2132 1198 2218 1238 338.)

646 1246 782 1278 23982.
803 1266 840 1270 -
859 1247 998 1288 Huyoni,
1020 1253 1092 1278 nato
1108 1248 1240 1278 loannis
1256 1247 1293 1278 de
1308 1247 1426 1279 Arlaco
1451 1247 1530 1284 mil.‚
1555 1257 1649 1288 prov.
1670 1257 1788 1280 canon.
1809 1249 1872 1279 sub
1891 1258 1988 1289 exsp.
2009 1250 2114 1290 praeb.
2134 1252 2215 1283 eccl.

598 1315 627 1337 s.
647 1305 822 1337 Anatholii
838 1305 879 1336 de
895 1305 1023 1343 Salvi0‚
1044 1305 1215 1337 Bisuntin.
1234 1305 1280 1336 di.
1297 1322 1336 1327 —
1350 1305 1376 1335 Ι.
1395 1313 1425 1336 e.
1443 1313 1487 1336 m.
1506 1305 1634 1336 Montis
1649 1305 1683 1336 S.
1702 1304 1747 1336 M.
1768 1306 1800 1336 et
1818 1305 1859 1336 de
1881 1306 1981 1338 Golia
1999 1309 2143 1338 monast.
2161 1308 2218 1339 ab·

597 1359 747 1396 batibus,
774 1359 946 1390 Bisuntin.
975 1359 1035 1395 di.‚
1054 1368 1092 1390 ac
1118 1367 1206 1399 mag.
1234 1359 1335 1389 Petro
1362 1358 1402 1389 de
1427 1358 1573 1398 Vigono,
1603 1367 1676 1390 can.
1704 1358 1902 1395 Novarien.‚
1922 1360 2022 1400 Papae
2043 1361 2214 1401 scriptori.

598 1413 654 1453 (A.
672 1414 723 1450 24,
740 1413 763 1444 f.
780 1414 837 1444 251
853 1418 881 1449 ⁸;
903 1412 937 1443 V.
957 1413 1008 1450 80,
1027 1421 1080 1452 ep.
1098 1413 1184 1450 367.)

642 1466 654 1477 “
680 1464 817 1496 23983.
841 1485 876 1490 -—
901 1466 1073 1507 Arckiep.o
1098 1465 1258 1505 Toletano,
1286 1472 1314 1497 et
1331 1465 1552 1496 Salamanlino
1571 1475 1606 1496 ac
1634 1465 1818 1497 Placentino
1839 1466 1928 1507 ep.is.
1954 1467 2071 1507 Nuper
2089 1468 2130 1499 cl.
2151 1477 2216 1500 me.

597 1521 811 1555 Fernandus,
829 1529 889 1551 rex
913 1520 1082 1556 Castellae,
1101 1522 1252 1551 castrum
1274 1520 1314 1551 de
1337 1519 1547 1551 Gibraltario
1564 1519 1722 1551 Cadicen.
1740 1520 1800 1558 di.‚
1824 1521 1915 1560 quod
1933 1529 1950 1552 e
1971 1521 2132 1553 manibus
2155 1523 2218 1553 eri-

596 1574 670 1614 puit
683 1582 905 1614 paganorum,
921 1583 999 1604 cum
1016 1582 1082 1604 non
1098 1574 1263 1613 reperiret
1281 1573 1433 1614 aliquem
1451 1574 1508 1614 qui
1524 1573 1635 1613 ipsius
1655 1574 1758 1605 castri
1775 1574 1966 1605 custodiam
1985 1577 2133 1615 recipere
2150 1576 2216 1608 vel-

596 1628 656 1666 let,
674 1629 747 1659 tum
765 1630 901 1668 propter
916 1636 1059 1667 magnos
1079 1629 1237 1667 sumptus
1253 1636 1340 1668 quos
1358 1627 1567 1658 castellanus
1586 1627 1696 1666 ipsius
1714 1628 1749 1658 in
1767 1628 1876 1668 galeis
1892 1629 1924 1659 et
1941 1628 2101 1669 gentibus
2117 1629 2217 1661 habet

595 1682 789 1713 necessario
807 1681 1040 1718 sustinendos,
1052 1683 1126 1712 tum
1138 1683 1277 1721 propter
1290 1681 1483 1720 periculum
1498 1681 1575 1712 fidei
1589 1680 1741 1721 homagii
1756 1682 1846 1721 quod
1859 1682 1893 1712 in
1910 1682 2096 1714 amissione
2113 1684 2217 1715 castri

595 1735 748 1775 praedicti
767 1735 875 1775 possit
893 1735 967 1775 ejus
983 1735 1184 1766 custodibus
1204 1735 1354 1771 evenire,
1378 1743 1409 1765 n.
1436 1744 1467 1765 V.
1491 1734 1668 1774 Alphonso
1691 1735 1862 1766 Fernandi
1883 1736 1924 1766 de
1943 1736 2127 1767 Mendossa
2143 1737 2215 1769 mil.

596 1789 775 1826 concessit,
795 1789 865 1829 qui,
883 1797 958 1819 cum
976 1788 1133 1828 indigens
1148 1788 1357 1819 victualibus
1374 1797 1435 1828 pro
1449 1788 1604 1819 custodia
1619 1789 1700 1820 dicti
1719 1789 1823 1820 castri
1841 1798 1901 1828 per
1916 1798 2010 1821 mare
2025 1791 2214 1830 navigaret,

595 1852 656 1883 per
672 1843 848 1882 Agaronos
865 1842 1056 1882 captivatus
1073 1843 1136 1877 est,
1158 1842 1245 1873 etad
1261 1851 1375 1882 regem
1390 1842 1608 1873 Marrocitan.
1627 1842 1768 1881 missus,
1787 1844 1819 1874 et
1838 1844 2056 1882 postmodum
2071 1853 2107 1875 se
2123 1845 2217 1875 rede-

597 1897 660 1928 mit
677 1905 739 1936 pro
761 1897 874 1928 10000
891 1896 1073 1936 duplarum
1094 1896 1181 1933 auri,
1200 1897 1238 1927 73
1259 1896 1456 1927 Sarracenis
1480 1895 1746 1927 christianorum
1769 1896 1892 1934 servis,
1917 1897 1991 1936 ejus
2018 1898 2216 1937 sumptibus

595 1949 794 1986 liberandis,
812 1952 831 1982 6
850 1950 1009 1981 mulabus
1028 1958 1106 1981 cum
1127 1949 1224 1980 cellis
1250 1951 1283 1980 et.
1301 1949 1420 1985 frenis,
1445 1951 1477 1980 et
1501 1950 1521 1980 4
1546 1949 1650 1989 petiis
1677 1950 1718 1980 de
1743 1950 1901 1988 scarleto,
1927 1951 2016 1982 datis
2035 1950 2215 1982 obsidibus

594 2003 705 2035 tribus
719 2003 792 2043 eJus
808 2003 904 2041 filiis,
921 2003 1055 2034 duobus
1073 2002 1255 2043 nepotibus
1274 2005 1307 2034 et
1321 2003 1432 2034 tribus
1449 2003 1643 2034 nutricibus
1657 2003 1807 2034 filiorum
1822 2004 1975 2035 eorumd.
1994 2004 2105 2041 Quare
2122 2005 2216 2045 Papa

595 2057 734 2089 mandat
750 2057 851 2089 (lictis
865 2057 1015 2097 praelatis
1031 2059 1067 2088 ut
1085 2057 1126 2088 de
1145 2057 1275 2088 relictis
1289 2058 1323 2088 et
1341 2056 1576 2111 relinquenldis
1592 2066 1652 2096 pro
1672 2057 1906 2096 redemptione
1923 2058 2135 2097 captivorum
2153 2068 2215 2099 per

596 2111 714 2142 hostes
731 2111 810 2142 fidei
835 2110 1050 2142 detentorum
1075 2111 1110 2142 in
1129 2111 1263 2141 ultimis
1281 2110 1515 2141 voluntatibus
1533 2110 1772 2142 defunctorum
1794 2111 1828 2141 in
1854 2111 1900 2142 di.
1930 2111 2099 2149 Toletan„
2122 2112 2214 2144 Sala-

594 2165 738 2196 mantin.
762 2166 794 2195 et
814 2164 1002 2196 Placentin.
1023 2164 1113 2196 dicta
1130 2165 1224 2196 3.000
1247 2164 1429 2204 duplarum
1454 2165 1529 2195 auri
1548 2173 1608 2204 pro
1627 2164 1780 2195 eorumd.
1802 2164 1962 2196 obsidum
1980 2165 2214 2205 redemptione

595 2218 794 2258 recolligere
824 2218 982 2249 studeant
1011 2219 1044 2249 et.
1074 2218 1140 2249 eid.
1166 2218 1343 2257 Alphonso
1376 2218 1553 2257 assignare
1581 2220 1711 2249 curent.
1740 2218 1792 2256 (A.
1824 2219 1875 2255 24,
1898 2218 1922 2249 f.
1950 2220 2011 2250 263
2038 2224 2069 2256 ³;
2102 2219 2138 2251 V.
2160 2221 2212 2258 80,

594 2280 612 2303 e
641 2296 647 2303 .
669 2273 739 2303 389.

614 2274 779 2354 Ρ2398)4.
801 2343 838 2348 -
858 2324 1021 2356 Guillelmo
1038 2324 1193 2355 Pennensz'
1209 2330 1237 2355 ec
1253 2324 1401 2355 Adriensi
1421 2324 1514 2355 electo
1534 2326 1737 2365 prorogatur
1754 2325 1796 2356 ad
1820 2334 1926 2356 unum
1944 2334 2082 2363 annum,
2101 2335 2120 2357 a
2135 2326 2215 2358 data

593 2379 815 2419 praesentium
832 2379 1112 2419 computandum,
1128 2380 1277 2418 tempus,
1299 2388 1318 2409 v
1333 2379 1411 2410 idus
1428 2378 1513 2409 febr.
1538 2387 1626 2410 anno
1642 2379 1704 2410 1X⁰
1721 2379 1763 2409 ad
1780 2378 1890 2410 alium
1906 2387 2033 2410 annum
2048 2379 2119 2420 jam
2134 2389 2210 2420 pro-

592 2433 760 2472 rogatum,
788 2432 977 2472 recipiendi
1000 2432 1280 2469 consecrationis,
1307 2441 1385 2463 cum
1406 2431 1568 2463 facultate
1595 2432 1765 2463 retinendi
1795 2432 1934 2463 interim
1960 2433 2077 2464 omnia
2097 2433 2210 2465 benef.

593 2494 668 2517 sua.
683 2486 738 2526 (A.
759 2486 810 2521 24,
826 2485 849 2516 f.
863 2487 920 2516 221
938 2485 969 2522 1»,
993 2485 1029 2518 V.
1047 2487 1098 2522 80,
1115 2494 1168 2526 ep.
1189 2485 1277 2526 305.)

638 2536 777 2569 23985.
795 2558 835 2563 -
853 2539 970 2571 loanni
987 2539 1023 2570 de
1047 2538 1159 2576 Podio,
1178 2539 1258 2570 cler.
1286 2539 1457 2571 Tutellen.
1477 2538 1538 2575 di.‚
1556 2538 1667 2579 gratia
1688 2547 1786 2578 exsp.
1810 2538 1923 2571 benef.
1948 2549 1976 2571 c.
2001 2549 2029 2571 c.
2051 2540 2119 2579 (vel
2136 2549 2164 2572 s.
2181 2550 2209 2572 c.

591 2594 631 2625 50
647 2593 669 2624 l.
685 2594 724 2632 t.)
741 2593 776 2624 in
791 2593 884 2625 civit.
903 2593 957 2624 vel
970 2593 1017 2624 di.
1035 2592 1222 2630 Tutellen.,
1239 2593 1281 2624 ad
1298 2592 1411 2624 collat..
1427 2593 1496 2632 ep.i
1510 2592 1680 2624 Tutellen.
1695 2610 1734 2615 —
1750 2592 1776 2624 1.
1795 2601 1823 2624 e.
1846 2602 1892 2625 m.
1911 2602 1987 2634 ep.0
2003 2593 2210 2631 Lodovensi,

591 2647 625 2678 et
639 2646 715 2679 abb.
734 2646 933 2684 Userchen„
953 2655 991 2678 ac
1013 2646 1121 2687 priori
1138 2646 1179 2678 de
1203 2646 1387 2682 Artacella,
1411 2655 1472 2686 per
1487 2646 1637 2686 priorem
1654 2646 1749 2678 soliti
1765 2645 1859 2687 gub.,
1876 2649 2037 2685 monast.‚
2053 2647 2210 2679 Lemovi-

591 2709 664 2732 cen.
682 2701 715 2732 et
730 2701 862 2741 Aquen.
880 2700 926 2732 di.
949 2700 1003 2741 (A.
1021 2701 1073 2737 24,
1090 2700 1115 2731 f.
1129 2701 1188 2732 241
1205 2705 1234 2737 *ς
1258 2699 1292 2732 V.
1308 2701 1359 2738 80,
1375 2709 1429 2740 ep.
1445 2699 1532 2740 337.)

638 2751 775 2783 23986.
792 2772 831 2778 —
846 2754 971 2785 Simoni
985 2753 1021 2784 de
1033 2754 1177 2795 Spineto‚
1195 2762 1268 2785 can.
1286 2754 1367 2786 eccl.
1379 2754 1565 2790 ,Tolonen.‚
1580 2753 1691 2794 gratia
1705 2762 1801 2793 exsp.
1820 2764 1829 2785 1
1846 2754 1901 2785 vel
1916 2764 1940 2785 ιι
1955 2753 2067 2785 benef.
2085 2762 2113 2785 s.
2130 2764 2158 2785 c.
2173 2754 2210 2785 in

590 2807 684 2839 civit.
698 2808 752 2839 vel
768 2807 815 2839 di.
831 2807 970 2846 Nolan„
990 2808 1033 2839 ad
1048 2807 1162 2839 collat.
1179 2807 1249 2848 ep.i
1264 2808 1298 2839 et
1315 2807 1416 2847 capit.
1436 2807 1560 2838 Nolan.
1578 2807 1717 2847 pertin.,
1736 2807 1790 2847 (25
1808 2816 1884 2838 unc.
1902 2807 2001 2848 auri).
2018 2825 2056 2830 —
2072 2807 2099 2838 Ι.
2117 2817 2146 2839 e.
2161 2816 2207 2839 m.

591 2860 764 2901 archiep.o
787 2861 960 2901 Capuano,
978 2862 1011 2892 et
1027 2860 1215 2893 Guillelmo
1234 2861 1342 2892 electo
1368 2860 1508 2892 Adrien.
1530 2861 1564 2891 et
1588 2860 1752 2898 Pennen„
1775 2869 1813 2892 ac
1836 2861 1938 2892 Petro
1967 2860 2102 2897 Moreti‚
2131 2870 2206 2893 can.

591 2913 796 2947 Noviomen.
817 2914 898 2946 eccl.
918 2915 970 2953 (A.
994 2915 1047 2952 24,
1065 2914 1088 2945 f.
1107 2916 1168 2947 362
1181 2919 1210 2952 ¹;
1232 2914 1269 2946 V.
1286 2915 1338 2950 80,
1351 2923 1404 2955 ep.
1419 2915 1506 2953 637.)

637 2964 778 2998 23987,
792 2986 830 2992 -—
843 2967 1011 2999 Benedicta
1028 2972 1101 2998 nato
1117 2967 1214 2999 Baldi
1231 2967 1401 2999 Orlandini
1418 2968 1455 2998 de
1468 2967 1640 3004 Florentia,
1655 2967 1736 2999 cler.
1753 2966 1964 3003 Florentino,
1982 2966 2093 3007 gratia
2110 2975 2207 3008 exsp.

590 3018 702 3052 benef.
725 3029 754 3053 s.
776 3029 817 3058 c.,
834 3021 972 3053 etiamsi
988 3021 1095 3062 dign„
1111 3021 1167 3053 vel
1183 3022 1389 3062 personatus
1407 3029 1469 3052 seu
1485 3021 1541 3052 off.
1564 3020 1701 3057 existat,
1721 3019 1756 3051 in
1773 3019 1867 3051 civit.
1888 3019 1943 3051 vel
1965 3019 2012 3051 di.
2029 3020 2206 3061 Fesulan.‚
