2540 3496
294 641 325 668 T.
347 641 404 668 XX.

314 1023 350 1051 Ut
369 1033 394 1051 s.

232 1069 279 1098 Gr.
302 1077 354 1104 pro
372 1068 462 1097 socio.

308 1345 346 1372 Ut
362 1353 385 1372 s.

293 1390 324 1417 T.
345 1389 402 1417 ΧΧ.

309 1614 345 1642 Ut
365 1621 388 1640 s.

282 1659 313 1686 T.
334 1658 416 1686 XXX.

314 1990 349 2018 Ut
370 1998 394 2017 s.

276 2035 307 2062 T.
323 2034 418 2062 XXIV.

309 2472 347 2501 Ut
366 2481 391 2501 s.

3 2421 9 2470 ἶ
52 2459 74 2487 τ»

314 2687 351 2715 Ut
367 2695 391 2715 s.

317 2846 354 2874 Ut
369 2854 392 2874 s.

257 2890 288 2918 T.
304 2891 364 2925 xn,
380 2891 450 2918 xlv.

194 390 298 417 Datum
317 381 504 417 Avenione.

200 598 214 625 Ι
231 596 395 631 (kal.)jun.
411 595 499 623 1326.

573 294 749 326 JOANNIS
774 294 894 325 PAPAE
915 293 1018 324 XXII.
1043 294 1294 332 (1316-1334).
1320 310 1356 314 —
1380 292 1567 322 LITTERAE
1591 292 1818 323 COMMUNES
2149 297 2208 327 213

595 487 622 518 I.
643 496 671 518 e.
689 495 735 518 m.
756 495 844 526 mag.
864 485 1034 518 Rainaldo
1051 485 1092 516 de
1115 485 1198 516 filiis
1216 484 1309 520 Ursi,
1333 484 1461 515 archid.
1482 485 1523 516 de
1546 485 1725 524 Campinia
1748 485 1783 516 in
1799 486 1879 517 eccl.
1898 486 2093 525 Leodiensi‚
2111 488 2212 528 Papae

596 542 679 577 not„
698 542 730 571 et
750 549 777 571 s.
798 539 949 579 Remigii
963 548 1000 570 ac
1017 538 1186 570 s.Nicasii
1201 539 1344 570 Remen.
1363 541 1509 569 monast.
1528 538 1604 569 abb.
1619 538 1672 578 (A.
1691 540 1741 577 25,
1757 539 1781 569 f.
1798 541 1856 571 154
1873 545 1901 577 ·;
1922 539 1956 571 V.
1973 541 2026 578 81,
2039 550 2091 581 ep.
2107 543 2212 579 1867.)

642 591 778 627 25539,
793 611 830 616 -
842 593 960 624 Garsiae
970 602 1042 633 ep.o
1054 593 1174 632 Aquen.
1189 591 1302 622 mand.
1313 593 1350 622 ut
1364 593 1499 623 revocet
1510 591 1673 631 quicquid
1686 594 1926 632 attemptatum
1938 597 1989 625 est
2002 594 2037 625 in
2049 596 2210 632 rectores,

595 648 800 688 capellanos,
823 646 969 687 praeben.
988 648 1021 677 et
1037 647 1177 677 caeteros
1193 645 1413 676 beneficiatos
1432 645 1620 677 existentes
1634 646 1668 676 in
1686 646 2080 687 archipresbyteratibus
2098 649 2213 679 Mixiae

596 703 629 733 et
642 702 683 732 de
702 701 939 736 Hostrebares,
959 709 1029 731 suae
1045 699 1105 735 di..
1120 699 1263 730 ducatus
1276 698 1481 738 Aquitaniae,
1496 699 1531 729 in
1547 708 1650 740 regno
1666 700 1827 731 Navarrae
1842 701 2123 738 consistentibus,
2140 703 2212 742 qui,

595 755 675 786 licet
688 756 827 794 propter
843 754 987 786 nimiam
1005 754 1240 792 paupertatem
1257 752 1388 783 nullam
1406 761 1557 791 unquam
1571 753 1737 784 decimam
1756 753 1934 792 solverint,
1949 756 2063 786 tamen
2081 755 2123 786 ab
2136 756 2210 787 eod.

596 817 673 848 ep.o
691 810 724 840 et
745 808 825 839 aliis
844 806 1084 838 collectoribus
1103 806 1243 837 decimae
1265 814 1324 845 per
1353 806 1482 845 Papam
1506 806 1628 837 Carolo
1648 807 1690 838 R.
1716 808 1750 837 F.
1773 811 1805 838 et
1822 808 1865 839 N.
1888 810 1921 839 et
1943 809 2076 846 Carolo,
2097 809 2213 841 comiti

599 862 740 898 Valesii,
759 860 870 902 ipsius
883 860 975 900 regis
988 861 1121 898 patruo,
1139 867 1320 898 concessae,
1338 860 1624 891 excommunicati
1641 860 1793 897 fuerunt,
1815 862 1928 893 mand.
1946 863 2047 894 etiam
2067 865 2104 894 ut
2117 863 2214 903 ipsos

596 915 752 946 absolvat
774 914 816 946 ab
841 922 985 948 excom„
1008 913 1247 952 suspensionis
1276 914 1309 943 et
1337 913 1510 944 interdicti
1533 914 1726 945 sententiis.
1751 915 1805 954 (A.
1826 916 1877 952 25,
1901 915 1924 947 f.
1951 918 2010 948 159
2037 916 2067 954 ¹²3
2102 916 2135 946 V.
2160 918 2213 954 81,

596 977 649 1008 ep.
670 969 776 1006 1873.)

641 1018 782 1051 25540.
803 1040 839 1044 -
858 1020 940 1061 May.
960 1019 1054 1050 Petro
1074 1019 1110 1050 de
1126 1019 1255 1054 Caunis,
1274 1019 1421 1059 archipr.
1441 1019 1648 1060 archipresb.
1671 1021 1711 1052 de
1732 1022 1983 1062 Regalimonte,
1998 1023 2134 1055 Albien.
2152 1024 2212 1061 di.,

596 1075 651 1106 cui
666 1084 695 1106 s.
713 1074 853 1106 Martini
869 1074 909 1105 de
925 1074 1094 1113 Seduejel‚
1110 1074 1148 1104 Β.
1165 1073 1210 1104 Μ.
1222 1072 1270 1104 'de
1287 1072 1436 1104 Cabrinh
1452 1074 1485 1104 et
1499 1073 1532 1104 S.
1550 1074 1594 1105 M.
1612 1074 1821 1114 Magdalenae
1837 1076 1877 1107 de
1895 1076 1985 1107 Salis
2001 1077 2214 1116 parochiales

597 1128 692 1164 eccl„
708 1128 805 1159 dictae
818 1128 879 1162 di..
897 1129 976 1158 sunt
993 1135 1146 1162 annexae,
1164 1127 1265 1167 Papae
1283 1126 1455 1166 scriptori,
1469 1127 1592 1158 indult.
1610 1129 1660 1164 ut,
1676 1129 1711 1159 in
1725 1128 1881 1160 Romana
1895 1130 1989 1161 curia
2007 1122 2138 1162 ratione
2156 1132 2212 1162 off.
2251 1168 2253 1170 q

597 1181 786 1222 scriptoriae
808 1182 851 1212 A.
868 1181 901 1212 S.
922 1180 1099 1220 obsequiis
1118 1180 1322 1216 insistendo,
1346 1180 1478 1211 fructus
1494 1181 1647 1212 omnium
1671 1181 1782 1213 benef.
1804 1191 1946 1214 suorum
1962 1183 2092 1224 integre
2109 1185 2214 1224 perci-

596 1244 676 1276 pere
691 1235 815 1266 valeat.
840 1253 879 1258 -
901 1235 928 1265 I.
957 1243 987 1266 e.
1011 1243 1056 1265 m.
1082 1233 1283 1265 Crassensis
1303 1235 1336 1264 et
1354 1243 1381 1264 s.
1400 1234 1540 1270 Hilarii,
1564 1235 1808 1266 carcassonen.
1828 1236 1889 1274 di..
1906 1239 2051 1268 monast.
2068 1237 2158 1273 abb..
2177 1247 2214 1268 ac

596 1288 724 1320 archid.
742 1288 969 1320 Nannetensi.
986 1288 1040 1328 (A.
1058 1288 1109 1324 24,
1125 1287 1147 1319 f.
1169 1288 1223 1318 161
1240 1292 1271 1323 ⁸;
1291 1287 1327 1318 V.
1347 1289 1399 1323 81,
1419 1296 1472 1327 ep.
1489 1288 1595 1327 1875.)

641 1339 781 1372 25541.
801 1360 838 1365 -
853 1341 894 1372 N.
911 1351 940 1371 υ.
958 1341 1088 1378 loanni,
1107 1345 1182 1371 nato
1198 1340 1352 1381 quondam
1365 1340 1581 1371 Emmanuelis
1593 1341 1740 1381 Infantis,
1755 1342 1942 1374 hortatoria
1955 1345 1990 1374 ut
2006 1345 2119 1383 partes
2133 1353 2214 1375 suas

596 1396 790 1436 interponat
807 1395 897 1434 apud
918 1394 1135 1434 Alphonsum
1159 1403 1273 1434 regem
1293 1394 1452 1426 Castellae
1474 1396 1511 1425 ut
1529 1395 1797 1433 Ferdinandum,
1823 1405 1912 1427 nunc
1935 1397 2117 1435 Conchen.,
2133 1399 2214 1429 tunc

597 1449 789 1482 Corduben.
806 1457 934 1489 ep.um‚
951 1449 984 1480 et
1002 1448 1186 1479 nonnullos
1202 1448 1383 1481 canonicos
1399 1448 1661 1484 Cordubenses‚¹
1673 1458 1692 1480 a
1707 1449 1839 1480 Joanne
1858 1450 1983 1487 Pontii,
2005 1451 2115 1482 milite
2132 1451 2214 1483 Cor-

597 1503 756 1539 dubensi,
770 1504 887 1542 captos
905 1504 937 1534 et
954 1502 1055 1533 bonis
1072 1502 1146 1533 suis
1163 1502 1341 1542 spoliatos,
1364 1501 1516 1534 libertati
1533 1502 1630 1533 reddi
1653 1504 1687 1534 et
1707 1503 1818 1534 eidem
1840 1512 1916 1543 ep.o
1933 1503 2022 1535 bona
2040 1513 2102 1536 sua
2117 1507 2215 1544 rapta

597 1557 733 1590 restitui
749 1557 863 1588 faciat.
881 1557 933 1595 (A.
951 1557 1001 1593 25,
1019 1556 1043 1587 f.
1064 1557 1122 1588 164
1137 1561 1166 1592 ³;
1194 1555 1231 1587 V.
1249 1557 1299 1593 81,
1317 1565 1370 1595 ep.
1389 1557 1493 1594 1881.)

644 1607 781 1640 25542.
801 1627 839 1632 -
860 1609 1025 1651 Alphonso
1044 1610 1111 1650 reyi
1135 1609 1277 1641 Castellae
1301 1613 1331 1640 et
1346 1609 1492 1650 Leqionis
1513 1609 1700 1641 hortatoria
1718 1612 1755 1641 ut
1777 1610 1929 1642 libertati
1951 1612 2087 1643 restitui
2112 1612 2214 1643 faeiat

597 1673 712 1704 epum
729 1663 909 1704 praefatum
922 1666 955 1695 et
970 1663 1154 1695 nonnullos
1171 1672 1242 1694 can.
1260 1663 1466 1700 Corduben.‚
1481 1672 1567 1703 quos
1583 1664 1733 1695 Joannes
1747 1664 1874 1702 Pontii,
1892 1665 1994 1696 miles
2007 1665 2185 1697 Corduben
2205 1687 2213 1701 ,

598 1718 640 1749 ad
654 1718 850 1758 occupanda
872 1717 1027 1757 quaedam
1045 1720 1158 1748 castra
1174 1717 1326 1748 ecclesiae
1344 1717 1537 1754 Corduben,
1558 1718 1624 1748 sita
1643 1718 1678 1748 in
1695 1717 1860 1749 fronteria
1881 1719 2140 1755 Saracenorum,
2163 1729 2200 1750 as

596 1772 727 1812 pirans,
744 1771 842 1812 prius
858 1780 927 1802 una
944 1780 1020 1802 cum
1039 1770 1245 1811 quibusdam
1268 1770 1401 1802 civibus
1424 1779 1466 1802 ex
1485 1771 1604 1802 eadem
1629 1771 1720 1803 civit.
1741 1772 1930 1811 depulerat,
1949 1781 2104 1813 quosque
2122 1776 2215 1812 post-

597 1826 735 1857 modum
751 1834 827 1856 cum
846 1825 892 1856 id.
911 1833 1010 1864 ep.us
1029 1825 1118 1855 dicta
1141 1826 1254 1856 castra
1272 1824 1325 1855 illi
1343 1824 1476 1856 tradere
1498 1833 1565 1855 non
1584 1826 1802 1863 consentiret,
1821 1826 1895 1865 ipse
1914 1826 2214 1865 processionaliter

597 1880 633 1911 in
655 1880 774 1911 eadem
795 1879 887 1910 civit.
910 1881 1079 1918 receptus,
1103 1879 1192 1918 cepit
1215 1881 1248 1909 et
1270 1881 1386 1918 captos
1407 1879 1515 1910 adhuc
1534 1879 1674 1914 detinet,
1694 1888 1753 1910 eos
1771 1880 1996 1911 nihilominus
2016 1880 2116 1911 bonis
2140 1881 2214 1912 suis

598 1933 789 1973 spoliando.
812 1933 863 1972 (A.
882 1934 934 1968 25,
953 1932 974 1963 f.
995 1934 1050 1964 163
1068 1938 1096 1970 ⁸,
1117 1932 1154 1964 V.
1171 1934 1224 1969 81,
1242 1941 1295 1972 ep.
1314 1933 1418 1971 1882.)

643 1983 780 2016 25543.
799 2004 840 2009 —-
857 1986 1026 2027 Archiep.o
1054 1986 1200 2016 Toletano
1223 1986 1336 2017 mand.
1356 1988 1392 2016 ut
1414 1986 1580 2017 Joannem
1603 1986 1729 2023 Pontii,
1757 1987 1904 2018 militem
1929 1987 2135 2025 Corduben.‚
2154 1988 2214 2028 qui

597 2041 864 2078 Ferdinandum‚
885 2049 973 2071 nunc
985 2040 1168 2076 Conchen.,
1184 2041 1265 2071 tunc
1282 2039 1476 2071 Corduben.
1490 2049 1616 2079 ep.um‚
1637 2042 1670 2071 et
1686 2041 1869 2072 nonnullos
1885 2050 1957 2072 can.
1975 2041 2213 2073 Cordubenses

597 2095 686 2134 cepit
704 2088 738 2126 et
754 2095 881 2126 carceri
902 2094 1122 2133 mancipavit,
1140 2103 1266 2133 eosque
1286 2094 1498 2134 mancipatos
1522 2094 1630 2125 adhuc
1649 2094 1789 2131 detinet,
1808 2103 1937 2125 necnon
1961 2103 2080 2126 omnes
2097 2096 2131 2126 in
2154 2095 2214 2126 hu-

595 2148 747 2189 jusmodi
762 2149 918 2188 captione
934 2147 1124 2187 culpabiles
1147 2148 1181 2178 in
1200 2149 1272 2179 tota
1294 2156 1357 2178 sua
1378 2148 1554 2187 provincia
1572 2157 1609 2178 ac
1627 2148 1731 2178 etiam
1749 2149 1784 2179 in
1808 2148 1979 2188 Ispalensi
1998 2150 2031 2180 et
2049 2149 2215 2180 Toletana

598 2201 796 2234 civitatibus
820 2210 1006 2240 eorumque
1027 2202 1073 2232 di.
1103 2201 1418 2232 excommunicatos
1442 2201 1598 2232 nunciari
1627 2201 1748 2237 faciat;
1774 2202 1887 2233 mand.
1916 2203 2019 2233 etiam
2042 2202 2214 2234 universis

597 2265 690 2297 pers.
709 2256 900 2287 ecclesiast.
921 2255 1112 2287 Corduben.
1129 2257 1161 2286 et
1177 2255 1324 2286 aliarum
1345 2255 1438 2286 civit.
1458 2255 1530 2286 sive
1547 2256 1712 2293 locorum,
1732 2255 1823 2286 infra
1838 2256 2029 2287 dominium
2046 2255 2214 2296 Alphonsi

597 2310 689 2351 regis
705 2309 862 2342 Castellae
879 2311 918 2340 'et
939 2309 1102 2349 Legionis
1130 2309 1406 2345 consistentium,
1421 2309 1586 2348 quamdiu
1608 2309 1720 2340 dictus
1738 2310 1888 2340 Joannes
1915 2319 2048 2341 moram
2069 2311 2215 2341 traxerit

598 2365 633 2395 in
647 2363 776 2395 eisdem
795 2363 892 2402 Iocis,
911 2364 1046 2394 cessent
1064 2362 1202 2402 penitus
1221 2362 1380 2394 adivinis
1397 2363 1504 2394 donec
1520 2363 1561 2393 ad
1579 2362 1613 2394 S.
1627 2363 1670 2394 A.
1690 2363 1821 2395 venerit
1835 2365 1868 2395 et
1886 2362 2136 2395 absolutionem
2154 2363 2214 2394 ob-

598 2417 753 2449 tinuerit.
773 2416 827 2458 (A.
844 2418 896 2454 25,
914 2416 938 2447 f.
953 2418 1010 2448 163
1029 2421 1057 2453 ⁸3
1079 2416 1115 2447 V.
1130 2418 1166 2448 81
1181 2442 1188 2453 ,
1206 2425 1259 2456 ep.
1279 2417 1384 2456 1883.)

643 2467 782 2500 25544.
803 2489 842 2493 —
863 2470 967 2511 Praep.
988 2469 1265 2512 Carpentorate-m,
1284 2474 1314 2500 et
1333 2469 1470 2501 Martino
1488 2469 1525 2501 de
1545 2469 1766 2508 Chalenconio,
1790 2470 1963 2508 Vivarien„
1982 2480 2017 2501 ac
2038 2469 2213 2501 Raimundo

598 2525 634 2556 de
649 2524 814 2563 Montiliis,
829 2524 1016 2556 Aurasicen.
1036 2534 1105 2554 can.
1122 2523 1210 2562 eccl.‚
1229 2524 1344 2555 mand.
1361 2532 1424 2564 pro
1442 2524 1636 2564 receptione
1659 2524 1838 2556 Bertrandi
1860 2525 2021 2565 Basaqui,
2040 2524 2111 2556 nati
2129 2532 2162 2554 n.
2180 2533 2211 2553 v.

598 2579 727 2610 Varani
744 2578 929 2618 Bassaqui,
946 2578 1062 2610 clerici
1079 2578 1344 2614 Avenionensis,
1361 2578 1396 2609 in
1415 2579 1563 2609 monast.
1582 2578 1616 2610 S.
1638 2578 1795 2613 Andreae,
1813 2579 1853 2610 Ο.
1872 2579 1907 2611 S.
1927 2578 1978 2614 B„
1997 2578 2210 2610 Avenionen-

599 2633 649 2664 sis
664 2632 833 2672 dioecesis.
852 2631 904 2671 (V.
920 2633 970 2668 81,
988 2640 1041 2672 ep.
1059 2632 1169 2670 2126.)

643 2682 783 2716 25545.
799 2703 839 2710 —-
853 2685 957 2717 Binda
971 2685 1128 2717 Bernardi
1143 2685 1180 2716 de
1193 2684 1320 2716 Musello
1336 2694 1431 2726 prov.
1446 2695 1566 2717 canon.
1585 2685 1650 2717 sub
1667 2695 1762 2726 exsp.
1776 2685 1880 2726 praeb.
1898 2685 1980 2717 eccl.
1995 2694 2023 2716 s.
2037 2684 2213 2717 Geltrudis

535 2742 538 2744 ’
599 2739 782 2778 Nivellen.,
799 2739 1003 2771 Leodiensis
1017 2739 1065 2771 di.
1081 2758 1119 2762 —
1133 2740 1161 2771 I.
1178 2749 1208 2771 e.
1224 2748 1270 2771 m.
1289 2748 1364 2780 ep.o
1381 2739 1557 2776 Theatino,
1575 2741 1609 2771 et
1627 2739 1807 2771 villarien.
1824 2748 1862 2770 ac
1876 2738 2108 2773 Gemblacen.,
2125 2739 2211 2769 Leo-

599 2793 689 2825 dien.
706 2793 766 2831 di.,
784 2793 929 2825 monast.
948 2792 1142 2825 abbatibus.
1161 2793 1213 2832 (A.
1230 2794 1281 2831 25,
1297 2793 1320 2824 f.
1335 2794 1394 2825 307
1413 2793 1446 2830 ¹²5
1469 2793 1505 2825 V.
1524 2794 1576 2829 81,
1593 2802 1647 2833 ep.
1665 2794 1773 2831 2239.)

645 2843 780 2875 25546.
800 2864 839 2870 —
859 2845 1020 2882 Guillelmo
1031 2846 1068 2878 de
1084 2846 1264 2884 Granholis,
1282 2847 1384 2886 Papae
1401 2846 1576 2883 familiari,
1590 2846 1786 2886 indulgetur
1797 2847 1845 2882 ut,
1863 2845 1953 2884 apud
1970 2846 2004 2876 S.
2023 2846 2063 2875 A.
2081 2853 2212 2875 moram

598 2900 750 2937 trahens,
765 2901 823 2931 aut
834 2899 962 2931 ibidem
977 2900 1032 2932 vel
1044 2900 1127 2932 alibi
1141 2901 1243 2940 Papae
1254 2900 1446 2932 insistendo
1459 2900 1634 2940 obsequiis
1645 2900 1700 2930 vel
1714 2898 1926 2930 immorando
1937 2897 2130 2929 scolasticis
2142 2898 2211 2928 dis-

600 2953 739 2993 ciplinis
758 2953 795 2984 in
811 2953 885 2985 loco
900 2953 960 2984 ubi
979 2954 1132 2985 studium
1150 2954 1263 2994 vigeat
1279 2953 1449 2994 generale,
1473 2962 1534 2984 seu
1550 2953 1731 2984 residendo
1753 2953 1787 2983 in
1806 2952 1913 2983 altero
1929 2951 2039 2982 benef.
2059 2959 2209 2987 suorum,

601 3007 734 3038 fructus
751 3006 863 3038 benef.
880 3007 1078 3038 eorumdem
1091 3007 1222 3045 integre
1238 3007 1404 3047 percipiat
1420 3006 1462 3038 ad
1476 3007 1677 3042 triennium,
1696 3006 1774 3037 licet
1792 3006 1828 3036 in
1847 3005 1898 3037 eis
1911 3013 1980 3036 non
1996 3004 2157 3036 resideat.
2171 3021 2211 3027 —-
