2540 3496
296 369 358 400 528
707 362 882 395 JOANNIS
906 362 1025 393 PAPAE
1046 361 1149 392 XXII.
1173 361 1423 402 (1816-1334).
1447 379 1486 384 -
1508 361 1696 392 LITTERAE
1719 360 1946 393 COMMUNES

328 460 433 488 Datum
456 453 643 488 Avenione.

324 563 342 590 7
359 562 452 597 (non.)
471 562 539 589 maii
558 559 646 588 1327.
774 554 911 587 28655.
930 574 967 579 —
988 555 1172 588 Uliaebonen.
1191 554 1434 596 etAEqitanien.
1451 555 1533 597 epa's
1544 555 1660 588 mand.
1678 564 1740 596 pro
1757 555 2001 588 informatione
2016 564 2120 597 super
2134 556 2342 598 gravamini·

431 607 461 634 T.
482 606 538 633 XX.

444 989 481 1017 Ut
500 997 523 1016 s.

444 1204 481 1232 Ut
498 1211 524 1233 s,

444 1365 481 1393 Ut
497 1373 520 1392 s.

390 1411 422 1439 r.
439 1411 486 1445 xl,
502 1409 575 1437 xm.

443 1636 479 1663 L't
499 1643 522 1662 s.

420 1681 451 1710 T.
471 1680 550 1707 1V¹¹.

447 1904 481 1931 Ut
502 1912 526 1931 S.

389 1949 421 1977 T.
439 1949 485 1983 xl,
506 1947 580 1975 xm.

444 2117 481 2145 Ut
502 2125 525 2144 s.

441 2224 478 2252 Ut
499 2232 522 2252 s.

440 2437 480 2465 Ut
499 2445 522 2464 s.

391 2483 422 2511 T.
442 2482 488 2515 xl,
504 2482 576 2510 xlll.

443 2599 479 2627 Ut
498 2607 522 2627 s.

443 2920 480 2948 Ut
496 2928 520 2949 S.

727 611 792 642 bus
808 610 916 642 illatis
934 619 1008 650 ep.o
1028 611 1062 641 et
1077 609 1179 650 capit.
1195 608 1419 642 colimbrien.
1435 610 1603 650 praetextu
1618 609 1792 651 privilegii
1808 618 1828 641 a
1849 609 1918 641 ΡΡ.
1935 609 2090 649 concessi
2110 609 2296 642 abbatissis
2311 611 2345 642 et

728 661 953 697 conventibus
966 663 1169 695 monialium
1186 662 1410 701 inclusarum,
1428 663 1501 695 sive
1519 671 1546 695 s.
1570 662 1690 701 Clarae,
1715 662 1790 695 sive
1807 671 1837 695 s.
1860 662 2034 699 Damiani.
2059 663 2132 695 sive
2151 663 2344 696 Minorissae

728 719 896 754 dicantur,
914 718 951 749 ut
967 717 1009 749 de
1025 716 1306 757 possessionibus
1323 715 1366 748 ab
1380 716 1426 748 iis
1451 715 1634 756 acquisitis
1651 717 1685 748 et
1707 716 1926 758 acquirendis
1947 716 2100 749 decimas
2128 717 2261 749 solvere
2276 725 2345 750 non

727 773 908 805 teneantur
925 772 959 803 et
973 770 1150 803 occasione
1165 771 1336 802 terrarum
1348 779 1386 802 ac
1400 769 1662 810 possessionum
1677 779 1753 811 quoe
1766 778 1810 802 ex
1820 770 2003 806 donatione
2016 778 2079 802 seu
2089 770 2263 810 emptione
2276 769 2346 802 Eli-

729 826 848 858 sabeth
866 825 991 866 reginae
1004 824 1209 864 Portugaliae
1226 824 1436 856 monasterio
1451 832 1480 856 s.
1499 823 1608 856 Clarae
1623 832 1729 864 prope
1746 825 1886 864 pontem
1901 823 1994 856 civit.
2013 823 2251 862 colimbrien,
2269 823 2342 856 ord.

729 880 838 920 eJ'usd.
856 880 992 916 sanctae,
1011 878 1239 918 applicentur,
1265 886 1308 909 ex
1330 877 1457 918 quibus
1479 878 1592 909 dictus
1611 886 1710 918 epus
1728 878 1761 910 et
1784 877 1888 918 capit.
1905 877 2058 910 decimas
2073 877 2249 919 percipere
2264 885 2344 910 con-

729 934 923 965 sueverant.
945 932 997 972 (A.
1013 933 1066 970 27,
1086 931 1110 963 f.
1127 933 1187 963 228
1202 931 1238 969 ὓς
1260 931 1296 973 V.
1313 932 1364 969 83,
1380 940 1434 971 ep.
1454 932 1559 972 1607.)

775 984 911 1016 28656.
930 1004 970 1010 —-
989 985 1165 1017 Raimundo
1187 985 1340 1027 Aycardi,
1357 990 1432 1016 nalo
1450 984 1611 1017 Guillelmi
1633 984 1785 1026 Aycardi,
1807 985 1881 1016 cler.
1897 984 2019 1027 Aquen.
2040 984 2101 1023 di..
2119 985 2230 1026 gratia
2245 993 2343 1026 exsp.

728 1041 842 1072 benef.
856 1050 885 1072 0.
904 1049 932 1072 c.
947 1040 1002 1071 vel
1019 1048 1047 1071 s.
1065 1049 1092 1071 c.
1114 1039 1201 1079 (501.
1218 1039 1259 1080 t.)
1273 1040 1309 1070 in
1323 1039 1415 1071 civit.
1433 1039 1488 1071 vel
1503 1039 1549 1071 di.
1570 1039 1718 1077 Uticen.‚
1737 1039 1779 1071 ad
1795 1039 1910 1071 collat.
1926 1039 1996 1080 ep.i
2009 1039 2197 1071 Uticensis.
2213 1055 2252 1061 -
2265 1038 2296 1070 Ι.
2313 1046 2343 1071 e.

729 1104 774 1127 m.
795 1103 871 1135 ep.o
887 1094 1067 1132 Tolonen.,
1084 1095 1118 1125 et
1136 1093 1262 1125 archid.
1281 1093 1416 1131 Elnen.,
1447 1102 1485 1124 ac
1510 1101 1599 1134 mag.
1621 1092 1810 1125 Guillelmo
1833 1092 1990 1130 Gerardi‚
2015 1101 2090 1125 can.
2109 1093 2243 1133 Aquen.
2261 1091 2344 1125 ecel.

730 1149 784 1187 (V.
803 1150 854 1187 83,
874 1156 927 1188 ep.
949 1148 1056 1188 1622.)

775 1199 912 1232 28657.
925 1219 964 1225 -
980 1201 1090 1232 Priori
1106 1201 1143 1233 B.
1159 1201 1203 1232 M.
1217 1200 1254 1232 de
1272 1200 1430 1238 Cor-redis,
1444 1200 1566 1242 Aquen.
1580 1199 1639 1238 di„
1654 1205 1684 1231 et
1697 1199 1816 1231 archid.
1828 1194 1960 1240 Elnen.,
1973 1209 2008 1231 ac
2021 1199 2186 1232 Guillelmo
2200 1197 2344 1236 Gerar-ai,

729 1267 797 1288 can.
817 1256 939 1297 Aquen.
956 1255 1044 1293 eccl„
1058 1255 1172 1287 mand.
1186 1263 1247 1295 pro
1261 1254 1455 1295 receptione
1470 1254 1628 1295 Hugonis
1640 1254 1918 1295 MalisanguiniS,
1935 1254 2016 1286 cler.
2034 1252 2290 1292 Tolosanaeldi„
2307 1251 2346 1285 in
2375 1265 2377 1268 ⁴
2444 1286 2453 1294 4

730 1311 811 1342 eccl.
829 1311 996 1348 Pinicen.‚
1012 1310 1052 1342 O.
1070 1310 1104 1341 S.
1122 1310 1177 1345 Α.,
1195 1308 1405 1348 Forojulien.
1424 1308 1470 1340 di.
1490 1307 1544 1347 (V.
1560 1309 1612 1346 83,
1629 1317 1682 1348 ep.
1702 1309 1808 1347 1623.)

773 1361 912 1394 28658.
930 1379 966 1387 -·
983 1364 1156 1394 Laurentio
1184 1362 1301 1393 vallati
1324 1362 1461 1394 collatio
1489 1370 1607 1394 canon.
1639 1364 1673 1393 et
1694 1361 1797 1402 praeb.
1821 1361 1974 1394 basilicae
2005 1361 2040 1394 S.
2072 1361 2118 1394 M.
2143 1359 2286 1401 Majoris
2303 1359 2346 1392 de

728 1418 832 1456 Urbe,
846 1427 920 1449 vac.
939 1426 999 1458 per
1017 1417 1149 1449 obitum
1166 1416 1302 1449 Mathaei
1317 1416 1359 1448 de
1373 1415 1577 1456 Columpna,
1593 1416 1628 1448 S.
1641 1416 1682 1448 A.
1700 1424 1773 1456 cap.
1785 1425 1795 1453 3
1810 1424 1876 1447 non
1893 1415 1981 1448 obst.
1995 1415 2032 1446 in
2044 1415 2078 1447 S.
2090 1414 2136 1447 M.
2153 1414 2190 1446 in
2203 1414 2345 1447 0031110-

728 1472 787 1503 din
803 1472 844 1503 de
859 1471 952 1504 Urbe
971 1480 1048 1503 cum
1065 1470 1184 1511 presb„
1202 1472 1235 1502 et
1253 1470 1290 1501 in
1305 1470 1497 1507 patracen„
1514 1470 1647 1502 Aretin.
1667 1470 1701 1501 et
1718 1470 1848 1502 Ostien.
1865 1469 1947 1502 eccl.
1965 1468 2032 1501 sub
2050 1477 2147 1509 exsp.
2170 1467 2275 1509 proeb.
2292 1475 2345 1500 ca-

729 1535 808 1557 non.
825 1544 864 1549 —
879 1526 905 1557 I.
925 1534 954 1557 e.
973 1534 1017 1556 m.
1036 1533 1113 1564 ep.o
1129 1513 1305 1559 Paduano,
1325 1525 1358 1555 et
1371 1523 1485 1555 abbati
1497 1524 1644 1555 monast.
1660 1532 1689 1555 s.
1705 1523 1802 1555 Sabae
1819 1523 1860 1555 de
1873 1522 1979 1562 Urbe,
1994 1531 2033 1555 30
2048 1522 2194 1555 Ricardo
2210 1521 2252 1553 de
2264 1520 2348 1554 Ani-

728 1580 853 1617 haldis,
872 1588 946 1611 can.
965 1579 1046 1610 eccl.
1065 1578 1257 1610 Remensis.
1277 1577 1328 1618 (A.
1347 1578 1398 1615 76,
1418 1577 1441 1608 f.
1461 1579 1521 1609 535
1535 1582 1564 1613 ⁸;
1587 1577 1624 1608 V.
1640 1578 1691 1615 83,
1710 1585 1763 1617 ep.
1781 1578 1888 1616 1653.)

775 1630 912 1662 28659.
929 1650 967 1654 -
981 1631 1099 1667 Helias,
1113 1631 1205 1671 prior
1216 1632 1363 1663 monast.
1375 1631 1574 1666 Artaecellae,
1585 1638 1647 1670 per
1661 1630 1811 1670 priorem
1822 1630 1918 1662 soliti
1930 1630 2023 1671 gub„
2036 1629 2076 1662 O.
2090 1629 2126 1662 S.
2142 1629 2196 1668 Β.,
2208 1630 2344 1669 Aquen.

729 1688 789 1725 di„
807 1688 844 1718 fit
860 1686 967 1718 abbas
983 1685 1185 1717 monasterii
1203 1694 1250 1716 ss.
1271 1684 1382 1725 Sergii
1398 1686 1432 1716 et
1446 1684 1551 1716 Bachi
1564 1685 1664 1724 juxta
1687 1683 1894 1724 Andegavis‚
1913 1684 1996 1716 dicti
2016 1683 2102 1726 ord,
2117 1684 2196 1724 post
2212 1682 2346 1715 obitum

727 1741 872 1773 Joannis
889 1740 979 1781 apud
997 1739 1390 1779 Montempessulanum,
1409 1738 1623 1779 Magalonen.
1651 1738 1711 1776 d,i.‚
1736 1737 1900 1773 defuncti,
1922 1737 2082 1778 disposit.
2105 1737 2139 1769 S.
2167 1737 2207 1768 A.
2235 1744 2345 1768 reser-

729 1796 809 1827 vati.
828 1813 866 1818 -
882 1795 909 1826 Ι.
928 1803 957 1826 e.
973 1802 1018 1824 m.
1038 1802 1133 1824 conv.
1153 1794 1186 1824 et
1202 1792 1365 1824 vassallis
1383 1791 1466 1823 dicti
1481 1793 1628 1823 monast.
1638 1801 1648 1828 ;
1675 1800 1752 1832 ep.o
1773 1791 2026 1832 Andegavensi.
2045 1790 2098 1831 (A.
2122 1792 2195 1828 257,
2211 1790 2237 1822 f.
2255 1791 2296 1822 85
2312 1788 2344 1826 ¹²5

733 1850 770 1881 V.
789 1851 841 1886 83,
860 1856 913 1887 ep.
934 1849 1041 1886 1656.)
1636 1885 1638 1887 ¹

773 1899 911 1931 28660.
932 1919 966 1925 -
986 1900 1156 1931 Laurentio
1174 1904 1248 1930 nato
1265 1899 1460 1930 Provenzam‘
1474 1898 1512 1930 de
1526 1898 1649 1940 Populo
1666 1907 1762 1939 prov.
1787 1907 1906 1931 canon.
1934 1898 2015 1931 eccl.
2035 1898 2195 1931 Civitatis
2213 1897 2346 1930 Sanctae

727 1956 855 1993 Mariae,
872 1955 936 1986 sub
959 1963 1056 1994 exsp.
1074 1953 1178 1994 praeb.
1208 1954 1250 1984 ad
1269 1953 1382 1985 collat.
1409 1953 1479 1993 ep.i
1507 1954 1540 1984 et
1559 1953 1660 1992 capit.
1682 1944 1790 1992 ejusd.
1817 1952 1899 1984 eccl.
1924 1953 2123 1993 spectantis.
2141 1971 2179 1976 —
2202 1951 2230 1983 Ι.
2252 1960 2282 1984 e.
2297 1959 2344 1984 m.

728 2019 804 2049 ep.o
821 2010 995 2046 Paduano,
1014 2009 1046 2039 et
1063 2017 1182 2048 praep„
1199 2016 1236 2039 ac
1252 2007 1395 2039 Nicolao
1411 2007 1452 2038 de
1467 2007 1614 2044 Scanno,
1629 2015 1703 2038 can.
1721 2006 1802 2039 eccl.
1827 2006 2025 2039 Valvensis.
2053 2006 2106 2046 (A.
2125 2006 2177 2042 76,
2191 2005 2215 2037 f.
2231 2005 2295 2038 536
2307 2004 2344 2044 ¹²3

732 2064 768 2096 V.
786 2065 838 2100 83,
856 2072 909 2103 ep.
929 2062 1037 2103 1663.)

773 2114 911 2147 28661.
929 2135 966 2140 --
984 2116 1086 2147 Paulo
1103 2115 1213 2147 Jacobi
1235 2114 1272 2146 de
1292 2114 1422 2146 vallatis
1438 2123 1534 2155 prov.
1555 2123 1675 2146 canon.
1697 2114 1762 2146 sub
1778 2123 1875 2155 exsp.
1895 2114 2000 2154 praeb.
2021 2114 2104 2146 eccl.
2121 2122 2150 2145 s.
2167 2112 2294 2154 Angeli
2307 2112 2344 2146 in

727 2172 800 2203 foro
818 2171 967 2211 piscium
981 2170 1022 2201 de
1040 2169 1145 2201 Urbe.
1160 2187 1199 2192 -
1216 2169 1244 2201 Ι.
1262 2177 1292 2200 e.
1311 2177 1357 2200 m.
1377 2170 1415 2200 ut
1432 2177 1475 2203 e..
1490 2177 1523 2200 n.
1538 2169 1653 2200 28658.
1672 2168 1726 2209 (V.
1742 2169 1795 2206 83,
1813 2177 1865 2209 ep.
1884 2169 1991 2207 1675.)

771 2222 910 2255 28662.
927 2241 966 2246 -
982 2223 1067 2264 May.
1089 2222 1259 2267 Leonarde,
1284 2222 1418 2254 thesaur.
1444 2223 1635 2263 Linqonen.,
1655 2221 1752 2263 Papae
1770 2227 1848 2260 not.,
1873 2227 1903 2253 et
1923 2221 2040 2253 decano
2060 2231 2085 2252 s.
2115 2219 2294 2263 Genyulplti
2308 2230 2344 2253 ae
2398 2231 2399 2234 ¹

727 2278 918 2310 cancellario
936 2278 1069 2319 maJ'oris
1087 2276 1207 2308 Tullen.
1226 2276 1300 2307 eccl.
1318 2277 1433 2308 mand.
1448 2285 1511 2317 pro
1528 2277 1721 2317 receptione
1736 2276 1930 2308 Katherinae
1945 2277 2033 2308 natae
2050 2275 2177 2316 quond.
2194 2274 2344 2308 walteri

728 2333 768 2364 de
787 2333 952 2373 Aquilina
968 2331 1055 2368 mil.,
1073 2331 1197 2371 puellae
1216 2331 1386 2368 litteratae,
1402 2330 1579 2362 Tullensis
1595 2331 1652 2368 di..
1672 2330 1708 2362 in
1726 2331 1872 2362 monast.
1891 2329 2080 2370 spinalen„
2095 2329 2133 2362 Ο.
2149 2329 2183 2361 S.
2200 2329 2255 2367 Β.,
2272 2319 2342 2361 (110-

726 2388 767 2418 tae
784 2387 829 2418 di.
847 2386 903 2427 (V.
925 2387 976 2424 83,
994 2395 1046 2425 ep.
1068 2385 1175 2425 1660.)

773 2437 910 2469 28663.
923 2459 960 2464 -
979 2438 1152 2471 Guillermo
1167 2437 1204 2469 de
1215 2438 1315 2476 Fora,
1334 2443 1407 2469 nato
1422 2448 1454 2468 n.
1467 2448 1498 2470 v.
1512 2437 1615 2469 Fortis
1624 2437 1661 2469 de
1675 2438 1778 2475 Forti,
1791 2437 1903 2470 collat.
1917 2446 2036 2469 canon.
2052 2436 2116 2468 sub
2126 2445 2223 2477 exsp.
2237 2435 2342 2478 praeb.

727 2494 808 2525 eccl.
826 2493 1037 2534 Forojulien.
1056 2510 1094 2515 —
1114 2493 1141 2524 I.
1170 2501 1199 2524 e.
1230 2501 1276 2523 m.
1302 2500 1379 2532 ep.0
1404 2492 1620 2531 Tricastrin.‚
1645 2493 1678 2524 et
1703 2492 1824 2524 Elnen.
1852 2500 1891 2523 30
1917 2491 2046 2532 Regen.
2064 2490 2147 2523 eccl.
2164 2490 2340 2523 archid-is.
2376 2512 2378 2515 -
2404 2493 2419 2512 ν’

729 2548 782 2587 (Α.
800 2549 851 2584 26,
872 2547 895 2578 f.
913 2549 974 2579 430
994 2547 1024 2585 ι’;
1048 2546 1085 2578 V.
1101 2548 1153 2583 83,
1170 2555 1223 2586 ep.
1244 2547 1350 2585 1662.)

774 2598 912 2630 28664.
927 2620 965 2624 -
981 2600 1096 2638 Paulo,
1125 2605 1201 2631 nato
1230 2599 1386 2641 quondam
1408 2599 1542 2631 Orlandi
1557 2599 1594 2631 de
1625 2599 1882 2635 Vallemontonis,
1909 2598 1989 2635 mil.,
2017 2598 2155 2631 collatio
2174 2607 2295 2631 canon.
2310 2599 2345 2632 et

728 2655 831 2695 praeb.
850 2655 962 2695 plebis
977 2655 1018 2686 de
1033 2654 1218 2692 Sarmacia,
1237 2654 1410 2686 Paduanae
1424 2654 1484 2692 di„
1501 2662 1573 2685 vac.
1599 2662 1660 2694 per
1675 2653 1807 2685 obitum
1823 2653 1914 2693 apud
1933 2653 1969 2685 S.
1992 2654 2030 2684 A.
2053 2652 2147 2684 Petri
2167 2661 2194 2684 s.
2219 2650 2345 2693 Angeli
2398 2644 2441 2699 [ᾖ.

727 2709 813 2740 diac.
832 2708 936 2743 card„
956 2708 1053 2748 cujus
1068 2707 1235 2739 beneficia
1251 2708 1345 2747 Papa
1359 2708 1519 2747 disposit.
1541 2716 1612 2739 suae
1633 2708 1867 2739 reservaverat
1874 2716 1884 2745 ;
1908 2715 1976 2738 non
1998 2705 2086 2738 obst.
2111 2714 2231 2738 canon.
2257 2705 2342 2738 eeol.
2407 2716 2415 2734 .·

727 2763 762 2794 S.
781 2762 825 2794 M.
845 2762 886 2793 de
903 2762 1166 2794 Vallemontone
1180 2769 1218 2792 ac
1231 2761 1338 2792 rurali
1350 2761 1430 2792 eccl.
1447 2770 1474 2792 s.
1492 2760 1627 2793 Nicolai
1643 2760 1753 2801 ejusd.
1769 2760 1848 2798 loci,
1865 2760 1999 2801 Signin.
2015 2759 2062 2791 di.
2077 2777 2117 2782 —-
2132 2760 2159 2791 I.
2175 2768 2204 2792 e.
2221 2768 2268 2791 m.
2284 2758 2344 2793 Ri-
2370 2777 2375 2780 -

727 2815 828 2847 cardo
847 2815 888 2846 de
907 2814 1101 2851 Anibaldis,
1119 2814 1161 2845 de
1176 2813 1280 2850 Urbe,
1297 2815 1514 2851 Lateranen.,
1531 2815 1564 2845 et
1579 2814 1762 2846 Francisco
1777 2813 1927 2845 Pedonis
1942 2813 1984 2845 de
1998 2813 2274 2851 Vallemontone,
2288 2812 2344 2846 81-

726 2869 833 2910 gnin„
853 2877 890 2900 ac
905 2868 1031 2901 Jacobo
1046 2867 1246 2907 Adinulphi,
1266 2863 1435 2907 Anagnia.
1455 2868 1536 2899 eccl.
1555 2867 1739 2899 canonicis.
1758 2867 1815 2908 (V.
1831 2869 1883 2905 83,
1902 2875 1955 2908 ep.
1973 2868 2077 2906 1680.)

773 2919 912 2953 28665.
929 2939 967 2944 -
988 2921 1146 2962 Philippo,
1170 2925 1244 2952 nato
1264 2920 1423 2953 (rainelmi
1440 2921 1477 2952 de
1495 2920 1649 2958 civriaco,
1667 2920 1747 2958 mil.,
1771 2929 1868 2961 prov.
1892 2929 2011 2953 canon.
2030 2920 2111 2953 0001.
2131 2920 2342 2953 senonensis

727 2976 791 3008 sub
806 2985 904 3016 exsp.
920 2975 1026 3016 praeb.
1044 2985 1052 3012 ;
1069 2984 1136 3007 non
1154 2975 1241 3007 obst.
1275 2983 1396 3007 canon.
1427 2974 1491 3006 sub
1516 2983 1614 3015 exsp.
1640 2974 1742 3015 praeb.
1769 2975 1851 3006 eccl.
1875 2974 2108 3007 Ebroicensis.
2126 2993 2165 2998 —
2184 2975 2211 3006 Ι.
2237 2983 2268 3006 0.
2292 2982 2340 3007 m.

727 3039 755 3061 s.
777 3030 795 3062 J
800 3030 922 3062 oannis
937 3031 970 3061 et
986 3038 1014 3060 s.
1029 3028 1204 3061 Columbae
1219 3029 1387 3061 Senonen.
1403 3030 1550 3061 monast.
1569 3028 1762 3067 abbatibus,
1779 3037 1818 3060 ac
1830 3028 1937 3069 priori
1953 3037 1981 3060 s.
1995 3028 2102 3069 Eligii
2114 3028 2339 3062 Parisiensis.

728 3084 783 3123 (V.
798 3085 851 3122 83,
871 3092 923 3124 ep.
942 3084 1047 3122 1706.)
