2540 3496
302 338 363 369 576

335 429 441 457 Datum
458 421 642 456 Avenione.

341 533 355 559 ι
371 529 438 564 <kal⁴
446 530 456 566 )
468 529 527 564 Juz.
548 526 637 555 1327.

435 575 466 601 T.
487 574 543 601 XX.

447 954 484 982 Ut
504 962 528 982 s.

342 1001 373 1028 Τ.
395 1000 430 1027 XI
447 999 493 1035 ¹12,
513 998 575 1026 XIII
591 1000 633 1033 ¹l2.

450 1223 487 1251 Ut
507 1231 533 1251 z.

423 1268 454 1295 T.
470 1267 554 1295 XXX.

450 1491 487 1519 Ut
504 1499 528 1520 s,

396 1537 426 1564 T.
444 1536 490 1570 XI,
508 1535 579 1563 XIV.

453 1653 489 1680 Ut
503 1661 527 1680 s.

434 1698 464 1725 T.
486 1697 544 1725 XX.

445 2027 482 2056 Ut
502 2036 527 2056 ε.
547 2027 555 2047 ¹

387 2074 418 2100 Τ.
440 2071 511 2104 XIII,
531 2071 590 2100 XV.

452 2296 487 2323 Ut
506 2304 530 2323 s.

397 2342 428 2369 T.
448 2341 496 2374 XI,
514 2340 588 2368 XIII.

452 2509 489 2537 Ut
509 2517 534 2537 s.

400 2554 431 2582 T.
448 2554 496 2589 XI,
512 2554 586 2582 XIII.

456 2670 492 2699 Ut
509 2679 534 2698 s.

403 2716 434 2743 Τ.
447 2715 494 2751 Χ1,
510 2714 583 2743 XIII.

705 330 880 362 JOANNIS
904 328 1022 359 PAPAE
1045 327 1147 357 XXII.
1172 326 1422 364 (1316-1834).
1445 343 1484 348 —
1507 325 1695 356 LITTERAE
1718 325 1945 357 COMMUNES

778 518 916 551 29149.
932 538 971 544 —
988 520 1074 560 May.
1090 516 1273 560 Raymundo
1286 517 1322 549 de
1338 517 1444 555 Sellis,
1461 517 1536 548 cler.
1554 517 1744 554 Rulhenen„
1760 526 1853 549 conc.
1872 519 1909 550 ut
1923 517 2034 558 gratia
2048 526 2146 558 exsp.
2165 517 2276 550 benef.
2294 526 2345 550 ee-

733 574 919 606 clesiastici
945 583 972 605 c.
999 583 1026 605 c.
1047 573 1101 604 vel
1119 581 1147 604 e.
1165 581 1193 604 c.
1215 573 1267 611 (50
1288 571 1310 603 l.
1328 573 1380 611 t.)‚
1401 571 1444 603 ad
1467 571 1535 612 ep.i
1553 571 1786 603 Ruthenensis
1802 571 1961 611 dIsposit.
1981 571 2199 612 pertinentis,
2217 571 2347 603 dudum

733 628 802 667 ipsi
829 628 928 663 facta,
947 627 1045 667 cujus
1065 627 1183 666 vigore
1199 626 1240 657 de
1265 625 1401 666 paroch.
1421 625 1502 656 eccl.
1517 625 1559 656 de
1586 624 1809 656 Carnificeria
1833 624 2017 662 parisien„
2036 626 2118 656 tunc
2138 633 2199 665 per
2217 624 2349 657 obitum

733 681 912 713 Guillelmi
936 681 1070 712 Basseti
1089 681 1241 715 vacante,
1259 679 1327 710 sibi
1350 678 1523 719 provideri
1547 678 1639 716 fecit,
1662 681 1766 718 super
1787 686 1854 719 qua
1870 676 2001 710 diutius
2019 678 2054 710 in
2073 678 2231 710 Romana
2253 679 2349 710 curia

734 735 893 775 litigavit,
912 735 971 766 sed
991 735 1130 775 propter
1151 732 1335 773 specialem
1358 731 1626 764 reservationem
1648 741 1708 772 per
1729 731 1796 763 ΡΡ.
1811 733 1890 766 ante
1911 731 2124 763 vacationem
2139 731 2247 772 ejusd.
2263 731 2345 764 eccl.

734 789 858 820 factam
875 788 1009 820 nullum
1022 780 1218 828 e'praediota
1233 787 1344 827 gratia
1358 787 1411 818 est
1426 786 1643 817 commodum
1658 787 1848 823 assecutus,
1861 785 2063 817 extendatur
2077 785 2121 816 ad
2135 785 2345 826 archipresb.

734 843 889 874 curatum
904 842 946 873 ad
962 841 1074 882 ipsius
1090 841 1172 881 epi,
1191 840 1288 881 qu'us
1303 839 1410 871 famil.
1430 838 1560 876 existit,
1572 839 1687 871 collat.
1699 839 1938 879 pertinentem.
1955 838 2009 879 (A.
2021 839 2073 876 28,
2088 838 2111 871 f.
2128 839 2186 870 153
2198 843 2227 876 ⁸,-
2245 839 2280 871 V.
2293 840 2347 878 84,

734 905 786 936 ep.
806 897 913 935 2622.)

780 947 918 979 29150.
936 967 974 972 -
993 948 1164 981 Guillermo
1179 947 1217 979 de
1233 947 1352 979 Charta
1365 947 1502 979 collatIo
1519 946 1692 987 prioratus
1706 955 1733 978 s.
1749 946 1895 984 Yvonis,
1909 945 2063 978 Cluniae.
2076 946 2163 984 ord.‚
2178 946 2348 978 Parisien.

735 1004 794 1042 di.,
822 1003 989 1043 prioratui
1007 1003 1049 1034 de
1075 1002 1238 1040 Caritate,
1263 1001 1344 1032 dicti
1371 1001 1458 1038 ord.‚
1476 1000 1732 1032 Autisiodoren.
1755 1000 1814 1036 di.,
1842 999 2039 1032 immediate
2066 999 2210 1040 subjecti
2235 1001 2269 1031 et
2288 1007 2351 1040 per

736 1057 818 1089 obit.
836 1057 962 1097 quond.
984 1056 1130 1087 Joannis
1157 1064 1211 1096 ap.
1231 1055 1264 1087 S.
1280 1056 1321 1087 A.
1341 1054 1492 1086 defuncti
1515 1062 1608 1089 vac.;
1628 1053 1883 1085 subcantor-iam
1906 1062 1987 1085 vero
2013 1053 2096 1085 dicti
2119 1053 2293 1094 prioratus
2307 1053 2350 1085 de

735 1111 885 1143 Caritate
910 1110 1070 1142 dimittat.
1085 1127 1124 1133 —
1145 1109 1172 1141 I.
1200 1118 1230 1140 e.
1247 1117 1291 1141 m.
1310 1108 1498 1140 Nivernen.
1517 1109 1551 1139 et
1575 1116 1602 1139 s.
1620 1107 1785 1148 Stephani
1801 1107 1842 1139 de
1861 1108 2012 1139 Tescone
2034 1106 2276 1138 Montisalban.
2294 1107 2350 1140 de-

735 1165 841 1203 canis
857 1174 895 1196 ac
909 1164 1034 1196 Joanni
1052 1164 1093 1195 de
1111 1163 1288 1203 Bellijoco‚
1304 1171 1377 1194 can.
1392 1162 1577 1193 Nivernen.
1598 1161 1681 1193 eccl.
1700 1161 1754 1202 (A.
1771 1162 1822 1199 28,
1837 1160 1861 1192 f.
1879 1162 1937 1193 192
1955 1166 1983 1198 ²;
2008 1161 2045 1192 V.
2061 1162 2114 1196 84,
2133 1169 2186 1201 ep.
2201 1161 2309 1200 2703.)

780 1216 917 1248 29151.
937 1236 972 1241 -
990 1217 1115 1248 Decano
1129 1228 1153 1248 s.
1166 1217 1309 1248 Mauritii
1323 1221 1352 1247 et
1367 1216 1490 1247 cantori
1499 1215 1631 1256 Major-is
1644 1215 1877 1252 Monasterien„
1890 1224 1926 1245 ac
1941 1224 2022 1255 may.
2040 1213 2156 1246 Jacobo
2169 1214 2205 1245 de
2216 1213 2349 1252 Mutina,

736 1283 803 1305 can.
823 1272 1018 1305 cameracen.
1038 1271 1126 1310 eccl„
1143 1281 1213 1312 cap.
1230 1270 1313 1308 PP.,
1328 1270 1443 1302 mand.
1460 1278 1521 1310 pro
1535 1269 1648 1301 collat.
1664 1278 1783 1301 canon.
1798 1271 1832 1300 et
1845 1268 2076 1309 praepositurae
2093 1268 2175 1300 eccl.
2191 1268 2350 1300 Brames-

735 1336 821 1367 cen.,
841 1326 1077 1366 osnaburgen.
1094 1326 1154 1361 di.,
1173 1326 1227 1364 (12
1253 1324 1380 1356 march.
1396 1323 1542 1364 argenti)
1556 1332 1617 1363 per
1641 1322 1773 1354 obitum
1793 1322 1983 1354 Hermanni
1999 1322 2040 1354 de
2058 1321 2221 1360 Visbeke,
2240 1322 2349 1354 osna-

734 1380 876 1422 burgen.
894 1389 981 1418 can,
1003 1389 1057 1420 ap.
1075 1379 1110 1411 S.
1126 1380 1167 1411 A.
1188 1378 1352 1416 defuncti,
1373 1386 1460 1416 vac„
1478 1377 1632 1409 Arnoldo
1655 1377 1696 1408 de
1714 1376 1889 1414 Corshem,
1913 1384 1986 1408 can.
2003 1376 2083 1408 eccl.
2103 1375 2348 1408 Monasterien.

736 1434 800 1466 sub
813 1443 909 1474 exsp.
923 1433 1025 1474 praeb.
1047 1433 1128 1465 eccl.
1147 1432 1435 1473 osnaburgensis.
1454 1431 1507 1471 (A.
1528 1432 1580 1470 28,
1599 1430 1623 1463 f.
1640 1432 1702 1463 262
1720 1436 1749 1467 ·;
1776 1429 1810 1462 V.
1828 1431 1880 1468 84,
1897 1439 1950 1470 ep.
1967 1430 2076 1470 2754.)

780 1486 920 1519 29152.
937 1505 976 1510 -
996 1486 1178 1518 Christiano
1194 1486 1231 1517 de
1255 1485 1366 1517 Bunde
1390 1486 1503 1517 collat.
1523 1494 1642 1517 canon.
1663 1485 1727 1516 sub
1742 1493 1839 1524 exsp.
1861 1483 1964 1524 praeb.
1983 1483 2064 1516 eccl.
2084 1492 2113 1515 s.
2131 1482 2274 1515 Andreae
2288 1483 2351 1516 Co-

735 1543 860 1574 lonien.
880 1560 919 1565 —
937 1542 963 1573 1.
983 1550 1012 1573 e.
1037 1550 1082 1572 m.
1099 1541 1226 1572 decano
1251 1549 1279 1571 s.
1296 1539 1447 1580 Georgii,
1467 1540 1500 1571 et
1515 1539 1669 1571 thesaur.
1687 1547 1716 1570 s.
1735 1537 1892 1570 Severini
1908 1537 2100 1575 Colonien.,
2117 1546 2157 1568 ac
2169 1536 2297 1569 ,Iacobo
2309 1536 2352 1569 de

735 1596 879 1631 Mutina,
895 1604 967 1635 cap.
988 1595 1069 1633 ΡΡ.,
1088 1603 1162 1625 can.
1181 1595 1397 1626 Cameracen.
1417 1593 1497 1624 eccl.
1516 1593 1571 1633 (A.
1589 1593 1640 1630 28,
1658 1592 1681 1623 f.
1699 1592 1760 1624 290
1774 1596 1803 1628 ⁸3
1827 1590 1860 1623 V.
1876 1592 1928 1629 84,
1946 1600 2000 1631 ep.
2017 1590 2127 1631 2865.)

781 1647 919 1679 29153.
941 1667 978 1672 --
995 1649 1098 1689 Praep.
1118 1658 1143 1678 s.
1164 1647 1297 1679 Joannis
1319 1646 1496 1688 baptisterii
1519 1646 1679 1684 Parmen.¹
1697 1650 1789 1686 atque
1805 1645 1941 1686 archipr.
1960 1644 1998 1676 de
2019 1643 2186 1682 Callicula,
2202 1643 2350 1676 Parmen.

735 1704 792 1742 di.,
807 1714 843 1734 ac
856 1702 972 1734 Busolo
983 1702 1019 1733 de
1033 1701 1161 1739 Parma,
1175 1711 1245 1732 can.
1263 1701 1435 1732 Tornacen.
1450 1699 1537 1737 eccl,
1548 1709 1620 1741 cap.
1635 1698 1714 1737 ΡΡ.,
1729 1699 1842 1730 mand.
1860 1707 1921 1739 pro
1936 1698 2162 1730 translatione
2176 1697 2353 1730 Benedicti

736 1758 776 1789 de
789 1757 1006 1789 Gerardociis
1022 1756 1062 1787 de
1081 1756 1205 1786 Parma
1220 1763 1310 1786 mon.
1329 1756 1476 1786 monast.
1494 1753 1700 1790 Fontisvivi,
1717 1752 1859 1784 Cisterc.
1877 1752 1963 1789 ord.‚
1979 1752 2136 1783 Parmen.
2155 1751 2216 1789 di.,
2229 1760 2247 1783 e
2263 1751 2352 1783 dicto

735 1812 880 1843 monast.
900 1810 941 1841 ad
957 1810 1103 1841 monast.
1124 1817 1152 1839 s,
1172 1808 1353 1839 Trinitatis
1376 1808 1417 1839 de
1431 1807 1620 1844 Brundulo,
1638 1806 1746 1847 ejusd.
1765 1805 1852 1843 ord.‚
1870 1805 2024 1847 Clugien.
2042 1805 2103 1845 di.,
2121 1806 2154 1837 et
2169 1813 2232 1846 pro
2247 1804 2351 1837 colla-

735 1866 828 1897 tione
845 1864 1018 1904 prioratus
1045 1861 1264 1898 Cardinarioe‚
1281 1861 1363 1892 dicti
1388 1860 1474 1898 ord.‚
1494 1860 1687 1892 Ferrarien.
1709 1859 1770 1898 di.,
1789 1859 1910 1891 ultimo
1931 1859 2021 1890 dicto
2046 1858 2255 1890 monasterio
2273 1857 2354 1890 sub·

731 1919 813 1959 Jecti
830 1919 863 1949 et
888 1926 949 1957 per
977 1916 1227 1960 promotionem
1253 1915 1493 1946 Bartholomaei
1511 1915 1552 1945 ad
1575 1913 1747 1945 abbatiam
1775 1914 1922 1944 monast.
1945 1921 1972 1943 s.
1990 1913 2092 1944 Bonae
2117 1912 2158 1943 de
2185 1911 2351 1950 victorio,

736 1973 776 2005 O.
793 1973 826 2003 S.
842 1972 894 2008 Β.,
911 1971 1072 2003 Ceneten.
1089 1970 1150 2007 di.,
1166 1969 1256 2008 apud
1273 1969 1307 2001 S.
1326 1969 1367 2000 A.
1384 1968 1550 1999 vacantis.
1570 1966 1719 2005 (A.28,f.
1734 1968 1791 1997 241
1811 1972 1840 2004 ¹¹3
1863 1966 1900 1998 V.
1909 1967 1960 2002 84,
1977 1975 2030 2006 ep.
2043 1967 2147 2005 2884).

780 2022 919 2056 29154.
937 2042 976 2047 -
995 2023 1125 2060 Joanni,
1146 2026 1219 2053 nato
1239 2032 1270 2052 n.
1288 2033 1316 2053 υ.
1335 2021 1469 2053 Joannis
1485 2021 1605 2052 comitis
1620 2020 1779 2057 Forensis.
1794 2020 1907 2052 collat.
1923 2028 2042 2052 canon.
2056 2019 2121 2051 sub
2135 2028 2231 2060 exsp.
2247 2019 2351 2060 praeb.

737 2089 774 2111 ac
792 2079 884 2119 dign.
900 2078 954 2109 vel
971 2077 1188 2117 personatus,
1208 2085 1268 2107 seu
1285 2076 1340 2107 off.
1361 2076 1415 2107 vel
1431 2075 1544 2106 benef.
1564 2075 1754 2106 ecclesiast.
1774 2082 1801 2106 s.
1821 2083 1850 2105 c.
1868 2074 1904 2105 in
1927 2073 2010 2105 eccl.
2030 2073 2263 2111 cameracen„
2280 2081 2355 2105 con·

736 2133 800 2164 sid.
820 2132 933 2164 Caroli
947 2132 988 2163 R.
1007 2131 1045 2162 F.
1063 2132 1096 2162 et
1113 2131 1171 2168 N.,
1185 2138 1261 2161 oum
1278 2129 1535 2170 dispensatione
1549 2137 1652 2168 super
1665 2128 1798 2160 defectu
1811 2127 1920 2160 aetatis
1935 2127 2064 2168 (XVIII
2078 2127 2158 2166 an.).
2175 2145 2211 2151 —
2222 2127 2251 2158 I.
2262 2135 2293 2159 e.
2306 2135 2352 2159 m.

736 2187 850 2218 abbati
863 2186 1009 2217 monast.
1025 2193 1052 2215 s.
1067 2183 1210 2216 Auberti
1224 2185 1263 2222 (7)
1278 2183 1470 2221 Caturcen.,
1483 2183 1515 2214 et
1525 2183 1653 2214 decano
1666 2191 1693 2214 s.
1706 2181 1868 2222 Stephani
1879 2181 1921 2212 de
1934 2181 2086 2213 Tescone
2096 2179 2352 2219 Montisalban„

737 2242 837 2280 atque
850 2239 999 2271 Henrico
1013 2238 1054 2269 de
1070 2237 1263 2277 Rupeforti,
1281 2245 1354 2268 can.
1372 2237 1573 2277 Lugdunen.
1592 2236 1672 2268 eccl.
1692 2235 1745 2272 (Α.
1768 2236 1819 2273 28,
1839 2235 1862 2266 f.
1881 2236 1941 2266 242
1959 2234 1989 2271 ¹³;
2010 2234 2047 2267 V.
2066 2236 2118 2273 84,
2134 2243 2188 2274 ep.
2205 2235 2312 2274 2885.)

782 2290 919 2324 29155.
937 2310 975 2315 -
987 2292 1105 2323 Joanni
1117 2291 1249 2323 Joannis
1265 2290 1301 2321 de
1316 2290 1456 2322 Setkeme
1470 2291 1504 2321 in
1520 2290 1645 2328 Bunna,
1663 2290 1734 2321 cler.
1752 2288 1913 2322 Colonien.
1931 2288 1988 2324 di.,
2004 2289 2114 2329 gratia
2128 2296 2224 2328 exsp.
2241 2287 2353 2320 benef.

737 2347 927 2379 ecclesiast.
945 2348 986 2385 (c.
1003 2355 1030 2377 c.
1047 2347 1086 2377 20
1098 2345 1153 2376 vel
1166 2353 1193 2375 s.
1211 2354 1240 2375 c.
1254 2346 1292 2376 15
1306 2344 1432 2376 march.
1452 2344 1596 2385 argenti)
1609 2345 1651 2375 ad
1661 2343 1926 2383 dispositionem
1940 2350 2059 2382 praep.‚
2075 2341 2194 2373 decani
2207 2342 2240 2373 et
2251 2341 2352 2382 capit.

738 2401 819 2434 eccl.
833 2402 1003 2437 Bunnen.,
1014 2399 1188 2431 Colonien.
1203 2398 1247 2430 di.
1258 2417 1296 2422 —
1309 2399 1336 2430 I.
1349 2407 1378 2430 e.
1389 2406 1433 2429 m.
1448 2406 1475 2430 s.
1490 2398 1646 2430 Severini
1657 2398 1691 2429 et
1702 2398 1737 2429 S.
1748 2397 1794 2429 M.
1807 2396 1849 2428 ad
1859 2396 1994 2429 Gradus
2006 2394 2183 2428 Colonien.
2193 2394 2355 2436 praeposi-

737 2455 794 2490 tis,
807 2456 839 2485 et
856 2453 984 2486 Bosolo
1000 2453 1041 2484 de
1058 2453 1196 2489 Parma,
1212 2460 1284 2483 can.
1301 2452 1487 2483 Tornacen.
1504 2451 1598 2487 eccl.,
1612 2460 1683 2491 cap.
1702 2449 1771 2482 ΡΡ.
1782 2450 1837 2491 (Α.
1852 2450 1904 2486 28,
1920 2449 1943 2480 f.
1957 2450 2014 2481 301
2029 2454 2058 2487 ·;
2073 2448 2109 2481 V.
2120 2450 2172 2487 84,
2182 2457 2234 2489 ep.
2246 2449 2354 2488 2907.)

783 2505 923 2537 29156.
940 2524 979 2530 -—
997 2507 1091 2537 Petro
1117 2506 1206 2536 Petri
1222 2505 1258 2536 de
1278 2505 1417 2546 Mestorp
1443 2506 1476 2535 in
1500 2505 1615 2535 Banna
1641 2504 1779 2536 collatio
1801 2512 1920 2535 canon.
1941 2502 2005 2534 sub
2032 2511 2129 2543 exsp.
2149 2501 2252 2543 praeb.
2270 2501 2353 2534 eccl.

739 2571 766 2593 s.
790 2561 932 2594 Andreae
948 2560 1123 2592 Colonien.
1142 2577 1179 2582 -
1193 2559 1221 2590 1.
1237 2567 1266 2590 e.
1285 2567 1331 2590 m.
1349 2558 1463 2590 abbati
1481 2560 1628 2590 monast.
1644 2558 1814 2594 Tuicien„
1827 2557 2004 2589 Colonien.
2020 2556 2080 2593 di.,
2092 2558 2125 2588 et
2139 2564 2244 2596 praep.
2255 2554 2291 2587 S.
2306 2554 2353 2588 M.

739 2615 780 2647 ad
796 2614 932 2647 Gradus
947 2613 1138 2651 Colonien.,
1156 2621 1194 2644 ac
1205 2612 1276 2652 jam
1295 2612 1387 2642 dicto
1403 2610 1541 2642 Bosolo.
1559 2610 1612 2650 (A.
1631 2611 1682 2645 28,
1701 2610 1724 2642 f.
1739 2611 1797 2642 301
1815 2609 1847 2647 ὓς
1870 2610 1907 2642 V.
1923 2611 1976 2648 84,
1993 2619 2046 2651 ep.
2065 2610 2172 2649 2908.)

784 2665 923 2698 29157.
942 2686 980 2691 --
1006 2667 1124 2698 Joanni
1149 2666 1233 2697 dicto
1256 2665 1414 2697 Viselman
1432 2664 1469 2695 de
1492 2664 1607 2695 Banna
1624 2663 1762 2696 collatio
1789 2672 1906 2696 canon.
1935 2663 2000 2695 sub
2025 2672 2121 2704 exsp.
2141 2663 2245 2704 praeb.
2270 2661 2352 2695 eccl.

739 2731 787 2754 se.
806 2720 1050 2762 Apostolorum
1069 2719 1258 2757 Colonien.,
1280 2727 1349 2750 non
1368 2718 1456 2750 obst.
1477 2718 1576 2749 altari
1595 2726 1622 2748 s.
1636 2717 1756 2750 Jacobi
1775 2718 1812 2749 in
1834 2718 1915 2750 eccl.
1932 2717 2108 2749 Bunnensi
2125 2718 2158 2749 et
2174 2715 2286 2748 benef.
2302 2723 2356 2748 ec-

739 2775 889 2807 clesiast.
904 2783 931 2806 c.
950 2783 977 2805 c.
994 2774 1049 2805 vel
1072 2782 1099 2804 s.
1117 2782 1146 2804 c.
1165 2773 1207 2804 ad
1228 2772 1345 2804 collat.
1363 2772 1418 2804 vel
1443 2772 1739 2812 praesentationem
1761 2770 1945 2803 abbatissae
1971 2773 2004 2803 et
2028 2779 2124 2803 conv.
2150 2770 2297 2802 monast.
2319 2769 2356 2802 in

739 2828 983 2869 Deyckirgen.,
1000 2827 1040 2859 O.
1061 2827 1096 2858 S.
1114 2827 1167 2865 Β.,
1187 2826 1365 2858 Colonien.
1386 2826 1431 2857 di.
1450 2843 1489 2849 -
1504 2825 1531 2856 Ι.
1546 2834 1576 2857 e.
1596 2834 1641 2856 m.
1659 2833 1765 2865 praep.
1783 2824 1817 2856 S.
1833 2824 1878 2856 M.
1897 2824 1938 2856 ad
1958 2824 2093 2857 Gradus
2111 2823 2303 2859 Colonien.,
2321 2823 2355 2856 et

740 2883 867 2915 decano
888 2890 916 2913 s·
934 2881 1080 2912 Andreae
1096 2879 1288 2917 Colonien.,
1305 2888 1342 2911 ac
1358 2879 1483 2911 Bosolo
1497 2879 1567 2919 jam
1583 2879 1684 2910 dicto.
1704 2879 1755 2917 (A.
1771 2878 1824 2917 28,
1839 2877 1862 2908 f.
1878 2879 1938 2909 317
1954 2877 1984 2915 ῦς
2010 2877 2047 2910 V.
2065 2879 2117 2915 84,
2133 2886 2185 2919 ep.
2202 2878 2308 2916 2931.)

774 3000 798 3025 1.
814 2999 887 3030 Reg.
900 2997 968 3023 vat.
980 3006 1011 3021 =
1028 3003 1071 3022 vn
1087 2995 1229 3021 kalendas
1246 2995 1324 3028 julli.
