2540 3496
238 434 343 461 Datum
365 425 550 459 Avenione.

281 532 317 560 17
333 540 395 567 apr.
417 531 507 559 1326.

274 578 327 614 (xv
342 577 402 604 kal.
419 574 515 607 maii.)

357 692 390 719 Ut
409 700 432 718 s.

358 957 396 985 Ut
416 965 439 984 s.

355 1117 392 1146 Ut
411 1125 434 1144 s.

358 1330 394 1358 Ut
409 1338 432 1358 s.

357 1652 394 1681 Ut
410 1661 434 1680 s.

360 1813 395 1840 Ut
412 1821 436 1840 s.

362 1972 399 2000 Ut
414 1980 439 2000 s.

362 2134 397 2161 Ut
411 2142 435 2161 s,

366 2348 403 2376 Ut
419 2357 445 2376 s.

361 2508 398 2537 Ut
414 2517 438 2536 s.

362 2723 398 2751 Ut
418 2731 442 2751 s.

365 2990 401 3018 Ut
420 2998 446 3020 s·

622 340 796 371 JOANNIS
821 339 938 369 PAPAE
961 339 1063 368 XXII.
1089 338 1336 376 (1316-1334).
1359 352 1397 356 -
1421 333 1606 364 LITTERAE
1630 332 1680 362 DE
1703 332 1827 362 CURIA
2180 334 2240 368 303

684 527 820 558 26108.
841 547 879 551 -
898 529 972 559 Eid.
994 528 1092 568 leyato
1116 528 1216 559 facul.
1241 527 1466 566 compellendi
1491 524 1662 565 quoslibet
1685 525 1841 564 praelatos
1866 526 1898 556 et
1923 534 2013 565 pers.
2037 526 2240 567 ecclesiast„

639 593 699 623 per
716 591 894 613 censuram
914 582 1117 619 ecclesiast,
1135 582 1175 612 ad
1197 580 1443 620 providendum
1462 580 1496 610 in
1519 578 1722 609 necessariis
1739 578 1868 609 nuntiis
1883 579 1957 609 suis
1971 588 2057 618 quos
2075 589 2135 620 pro
2150 589 2242 613 com-

640 637 759 667 missis
776 636 842 674 ipsi
861 635 1006 674 negotiis
1028 634 1224 665 destinabit.
1242 635 1293 673 (A.
1314 635 1364 668 25,
1381 634 1401 663 f.
1414 635 1471 664 691
1498 637 1526 669 ²3
1553 632 1584 661 V.
1603 633 1653 668 80,
1670 641 1722 671 ep.
1739 633 1787 667 12,
1807 631 1844 661 de
1857 632 1970 671 curia.)

684 686 823 718 26409.
840 706 878 710 -
897 687 970 717 Eid.
992 687 1091 727 leqato
1115 696 1207 718 conc.
1226 688 1272 722 ut,
1291 687 1320 717 si
1343 688 1457 725 partes
1481 695 1549 716 suae
1567 684 1759 724 legationis,
1783 687 1963 725 postquam
1986 695 2043 718 eas
2065 688 2243 728 ingressus

640 742 755 779 fuerit,
773 741 886 780 egredi
902 741 1013 780 ipsum
1032 741 1117 770 forte
1134 749 1175 770 ex
1194 740 1379 778 improviso
1397 741 1518 770 eventu
1533 739 1721 778 contigerit,
1734 739 1767 768 in
1786 739 1906 769 vicinis
1924 740 2079 778 partibus
2094 750 2242 776 commo-

640 795 709 826 rari
735 795 857 834 possit,
878 795 910 824 et
935 793 1041 823 semel
1064 793 1188 823 iterum
1205 795 1237 823 et
1260 792 1393 830 quoties
1411 791 1512 822 fuerit
1533 794 1759 831 opportunum
1782 791 1913 831 ingredi
1937 793 1979 823 ad
2006 794 2097 825 easd.
2119 797 2152 827 et
2172 797 2243 828 tam

641 849 729 879 intra
746 848 839 887 ipsas
858 855 959 886 quam
975 847 1072 876 extra
1090 845 1240 876 officium
1261 853 1358 875 suum
1376 844 1482 875 libere
1502 852 1670 875 exercere.
1688 844 1741 883 (A.
1761 846 1810 881 25,
1826 845 1848 876 f.
1868 846 1927 876 691
1949 845 1978 882 b;
2003 846 2035 876 V.
2050 848 2100 884 80,
2119 857 2172 888 ep,
2189 851 2239 888 13,

640 902 675 932 de
693 900 805 940 curia.)

684 951 824 984 28410.
841 971 879 976 -
899 951 975 983 Eid.
998 951 1099 991 leyato
1122 951 1221 982 facul.
1239 950 1465 989 compellendi
1490 950 1646 988 praelatos
1663 959 1894 991 quoscumque
1919 955 1950 983 et
1966 954 2139 993 regulares
2161 965 2242 996 quo-

640 1016 864 1047 rumcumque
890 1006 976 1044 ord„
995 1005 1173 1044 exemptos
1196 1005 1228 1034 et
1245 1012 1310 1034 non
1327 1004 1516 1042 exemptos,
1534 1003 1578 1033 ad
1592 1003 1874 1035 contribuendum
1895 1005 1929 1035 in
1946 1008 2241 1045 procurationibus

641 1062 709 1102 ipsi
725 1061 861 1092 debitis.
880 1060 933 1100 (A.
953 1060 1004 1098 25,
1024 1059 1045 1090 f.
1063 1059 1121 1089 691
1138 1057 1167 1094 b;
1194 1056 1226 1088 V.
1246 1058 1295 1091 80,
1313 1065 1364 1095 ep.
1384 1057 1431 1092 14,
1447 1055 1483 1085 de
1500 1057 1613 1095 curia.)

685 1111 824 1145 26411.
841 1131 880 1136 -
908 1112 984 1143 E'id.
1007 1111 1108 1151 leqato
1136 1110 1278 1141 facultas
1296 1109 1493 1149 injungendi
1523 1109 1685 1139 fratribus
1706 1110 1985 1148 Praedicatorum,‘
2010 1113 2178 1146 Minorum
2204 1125 2242 1148 ae

641 1169 787 1200 aliorum
809 1167 894 1204 ord„
917 1165 1020 1197 etiam
1039 1166 1136 1195 extra
1163 1172 1233 1194 suae
1253 1163 1433 1203 legationis
1456 1163 1634 1198 terminos,
1654 1162 1687 1193 in
1713 1163 1835 1194 vicinis
1860 1165 2014 1203 partibus
2032 1169 2240 1208 constitutis,

641 1229 861 1263 quaecumque
887 1218 1119 1260 prosecutioni
1137 1217 1241 1248 officii
1264 1216 1317 1247 vel
1334 1216 1473 1247 utilitati
1501 1215 1712 1255 negotiorum
1737 1216 1804 1255 ipsi
1831 1219 2091 1252 commissorum
2118 1222 2241 1255 viderit

641 1275 813 1316 expedire.
830 1273 882 1314 (A.
900 1274 953 1310 25,
975 1272 999 1303 f.
1016 1273 1078 1304 692
1093 1276 1120 1307 ³3
1138 1271 1173 1302 V.
1192 1271 1242 1307 80,
1260 1279 1310 1309 ep.
1333 1271 1382 1307 15,
1400 1269 1436 1299 de
1458 1268 1572 1307 curia.)

686 1325 825 1358 28412.
843 1345 880 1351 -
896 1325 972 1357 Eid.
999 1325 1099 1366 leqato
1121 1333 1212 1355 conc.
1230 1325 1278 1358 ut,
1298 1323 1440 1353 durante
1459 1331 1521 1353 sua
1544 1322 1722 1362 legatione,
1749 1323 1859 1354 valeat
1877 1333 1953 1355 cum
1971 1326 2241 1370 quibuscumque

641 1381 837 1414 hominibus
851 1389 911 1412 seu
924 1377 1231 1411 ambasciatorihus
1247 1378 1280 1408 et
1295 1376 1425 1407 nuntiis
1442 1375 1736 1411 communitatum,
1750 1377 1939 1408 castrorum
1957 1380 1989 1409 et
2005 1380 2108 1412 etiam
2127 1382 2242 1423 singu.

641 1437 766 1468 larium
788 1442 1014 1475 personarum
1038 1431 1145 1472 loqui,
1163 1432 1327 1462 tractatus
1344 1429 1479 1468 hahere,
1507 1429 1668 1468 ipsosque
1689 1429 1837 1468 recipere
1861 1432 1892 1461 et
1911 1431 2089 1465 admittere
2106 1436 2242 1468 etiamsi

641 1499 754 1522 coram
779 1497 818 1520 eo
836 1488 1021 1519 missarum
1038 1485 1205 1517 solemnia
1225 1483 1449 1520 celebrentur,
1469 1491 1653 1522 eorumque
1671 1482 1820 1522 recipere
1837 1483 1969 1516 litteras
1987 1487 2019 1517 et
2038 1490 2243 1527 respondere

642 1544 684 1575 ad
698 1543 803 1583 ipsas,
822 1541 958 1573 etiamsi
975 1549 1036 1580 per
1051 1539 1085 1570 S.
1100 1539 1142 1570 A.
1160 1547 1219 1570 seu
1229 1546 1347 1569 eorum
1365 1536 1558 1567 ordinarios
1574 1544 1704 1567 excom.
1719 1537 1898 1567 sententiis
1914 1546 1973 1577 pro
1987 1539 2129 1573 crimine
2142 1542 2244 1575 haere-

642 1598 691 1629 sis
709 1596 834 1627 irretiti
851 1595 1011 1626 existant.
1030 1593 1083 1632 (A.
1100 1594 1150 1629 25,
1166 1592 1188 1623 f.
1207 1593 1268 1623 692
1285 1591 1314 1628 ὓς
1336 1590 1372 1622 V.
1391 1591 1442 1627 80,
1457 1599 1509 1629 ep.
1529 1590 1578 1627 16,
1599 1588 1636 1619 de
1649 1589 1762 1628 curia.)

686 1646 826 1680 28413.
842 1667 877 1671 -
898 1647 974 1679 Eia.
994 1646 1094 1687 leqato
1113 1645 1214 1677 facul.
1239 1644 1419 1676 exercendi
1437 1652 1616 1674 censuram
1632 1642 1820 1674 ecclesiast.
1837 1643 1872 1674 in
1897 1653 2015 1676 omnes
2037 1648 2195 1686 praelatos
2211 1651 2244 1682 et

642 1711 875 1744 quascumque
892 1710 981 1741 pers.
1001 1700 1190 1732 ecclesiast.
1217 1700 1249 1730 et
1268 1698 1461 1733 saeculares,
1478 1696 1632 1736 publicas
1656 1697 1689 1728 et
1713 1697 1876 1736 privatas,
1898 1698 2140 1741 cujuscumque
2158 1704 2243 1743 ord„

642 1757 848 1793 conditionis
864 1755 918 1787 vel
935 1755 1027 1795 dign.
1047 1753 1208 1785 existant.
1225 1752 1277 1793 (A.
1297 1753 1348 1787 25,
1370 1751 1392 1782 f.
1412 1752 1472 1782 693
1487 1755 1515 1786 ὃ,
1539 1750 1573 1781 V.
1590 1751 1642 1787 80,
1663 1758 1715 1790 ep.
1737 1752 1786 1787 17,
1805 1749 1841 1780 de
1856 1751 1969 1791 cum'a.)

688 1806 825 1840 28414.
843 1827 882 1832 -
898 1807 974 1839 Eia.
992 1806 1089 1848 teqato
1109 1806 1302 1838 declaratur
1318 1805 1409 1845 quod
1431 1804 1531 1843 Papae
1546 1803 1746 1834 intentionis
1765 1803 1883 1835 existit
1900 1805 1999 1844 quod,
2018 1809 2156 1847 propter
2175 1819 2243 1842 om-

644 1865 700 1896 nia
715 1873 775 1904 per
794 1862 961 1903 speciales
977 1861 1110 1893 litteras
1127 1861 1236 1900 apost.
1255 1859 1322 1899 ipsi
1339 1866 1512 1892 concessa,
1527 1857 1581 1887 his
1594 1865 1668 1896 quae
1683 1856 1750 1896 ipsi
1768 1857 1897 1889 ratione
1915 1858 2096 1899 legationis
2112 1871 2246 1904 compe-

643 1920 719 1950 tunt
736 1918 771 1949 in
787 1917 881 1948 nullo
897 1915 1035 1956 penitus
1051 1914 1242 1954 derogetur.
1261 1912 1314 1952 (A.
1335 1913 1386 1951 25,
1407 1911 1427 1942 f.
1444 1912 1505 1942 693
1521 1916 1549 1947 ³3
1573 1910 1609 1942 V.
1631 1911 1682 1948 80,
1700 1919 1752 1950 ep.
1770 1912 1820 1948 18,
1843 1910 1880 1941 de
1897 1912 2010 1952 curia.)

688 1967 829 2001 28415.
848 1987 887 1992 -
902 1967 978 2000 Eia.
1004 1967 1102 2009 leqato
1126 1967 1271 1998 facultas
1295 1964 1494 2006 providendi
1514 1964 1548 1994 in
1565 1973 1644 1994 xxtv
1670 1963 1920 1996 cathedralibus
1942 1974 2003 1997 seu
2025 1968 2142 2009 colleg.
2161 1971 2245 2002 eccl.

644 2025 733 2056 infra
755 2033 824 2055 suae
840 2022 1022 2063 legationis
1036 2021 1203 2053 terminos
1225 2018 1420 2051 constitutis
1441 2018 1476 2048 in
1492 2017 1638 2057 singulis
1658 2017 1817 2049 videlicet
1836 2018 1982 2058 singulis
2001 2029 2092 2060 pers.
2110 2022 2242 2056 idoneis

644 2079 685 2110 de
699 2086 818 2110 canon.
837 2076 901 2108 sub
916 2085 1012 2116 exsp.
1029 2074 1132 2115 praeb.
1152 2074 1203 2112 (A.
1222 2075 1272 2111 25,
1293 2072 1315 2104 f.
1334 2073 1393 2104 693
1408 2077 1436 2108 ·;
1458 2070 1491 2101 V.
1509 2072 1561 2107 80,
1582 2079 1635 2110 ep.
1655 2072 1703 2107 19,
1719 2071 1756 2101 de
1771 2071 1884 2109 curia.)

688 2128 827 2162 28418.
849 2149 885 2153 -
900 2129 978 2160 Eid.
998 2128 1101 2170 leqato
1116 2127 1261 2174 facultas
1277 2124 1508 2165 suspendendi
1526 2125 1559 2155 et
1575 2124 1752 2155 relaxandi
1775 2124 1946 2156 interdicti
1960 2128 1992 2157 et
2005 2130 2243 2168 suspensionis

645 2185 831 2218 sententias
854 2192 940 2224 quas
964 2182 1136 2214 nonnullae
1151 2181 1307 2212 civitates
1328 2178 1480 2210 interris
1500 2187 1570 2209 suae
1587 2177 1767 2218 legationis
1791 2178 1862 2209 tam
1879 2187 1939 2218 per
1963 2181 2131 2220 speciales
2148 2183 2181 2215 S.
2204 2186 2246 2218 A.

644 2240 777 2271 litteras
795 2246 897 2278 quam
924 2245 984 2277 per
1007 2236 1137 2276 legatos
1153 2243 1214 2266 seu
1234 2234 1367 2274 judices
1393 2232 1566 2272 delegatos
1589 2231 1681 2262 sedis
1697 2231 1849 2271 eJusdem
1870 2232 2095 2266 incurrerunt.
2119 2236 2172 2276 (A.
2192 2239 2244 2275 25,

645 2294 667 2325 f.
684 2294 745 2325 689
760 2292 790 2330 1’;
815 2291 847 2322 V.
863 2291 915 2328 80,
934 2299 988 2331 ep.
1003 2291 1054 2326 20,
1071 2289 1108 2320 de
1124 2288 1239 2327 curia.)

690 2343 827 2376 28417.
842 2362 879 2368 -
894 2343 971 2375 Eia.
987 2342 1087 2384 legato
1104 2342 1250 2374 facultas
1260 2339 1480 2380 dispensandi
1493 2347 1536 2369 xx
1550 2338 1692 2370 clericos
1706 2338 1858 2378 partium
1868 2347 1938 2371 suae
1950 2340 2131 2381 legationis
2142 2352 2246 2385 super

644 2400 776 2432 defectu
792 2399 827 2430 in
843 2398 961 2430 ordine
984 2398 1017 2429 et
1041 2398 1151 2430 aetate,
1170 2397 1206 2427 ut
1223 2393 1350 2434 singuli
1372 2401 1490 2424 eorum
1507 2391 1642 2432 singula
1655 2390 1766 2423 benef.
1784 2401 1811 2423 c.
1833 2401 1860 2423 c.
1880 2393 2030 2433 recipere
2046 2397 2079 2426 et
2097 2397 2243 2430 retinere

644 2454 791 2486 valeant.
810 2453 863 2492 (A.
879 2453 930 2490 25,
950 2451 972 2483 f.
989 2451 1050 2483 690
1066 2455 1095 2488 ·;
1118 2448 1154 2480 V.
1178 2449 1229 2485 80,
1245 2456 1297 2488 ep.
1313 2449 1363 2486 21,
1380 2446 1418 2477 de
1436 2446 1551 2484 curia.)

688 2502 827 2537 28418.
843 2522 882 2529 ——
896 2504 972 2536 Eid.
995 2503 1095 2545 legato
1111 2502 1257 2534 facultas
1279 2499 1501 2541 dispensandi
1519 2507 1683 2539 personas
1707 2498 1894 2531 ecclesiast.
1912 2508 1982 2532 suae
2000 2501 2191 2542 legationis,
2205 2505 2241 2536 in

644 2560 833 2592 sacerdotio
846 2558 1063 2594 constitutas,
1076 2564 1178 2596 super
1191 2553 1453 2595 irregularitate,
1472 2553 1502 2584 si
1518 2560 1620 2592 quam
1633 2552 1876 2587 contraxerint,
1894 2554 2051 2593 quamvis
2069 2564 2242 2596 suspensae

644 2615 759 2646 essent
774 2622 794 2645 a
809 2612 936 2644 divinis
958 2619 1017 2652 pro
1043 2619 1083 2642 eo
1099 2609 1190 2650 quod
1204 2606 1452 2640 benedixerunt
1469 2605 1636 2637 secundas
1660 2605 1810 2645 nuptias,
1827 2614 1863 2637 se
1886 2606 2013 2638 divinis
2040 2608 2095 2640 off.
2114 2609 2246 2642 immis-

644 2667 761 2700 cendo.
780 2666 832 2705 (A.
847 2667 898 2704 25,
915 2665 939 2697 f.
957 2666 1018 2697 690
1035 2669 1068 2700 ⁸3
1089 2663 1122 2694 V.
1141 2664 1192 2700 80,
1210 2671 1262 2702 ep.
1283 2662 1334 2698 22,
1352 2659 1389 2691 de
1403 2659 1516 2700 curia.)

690 2717 824 2751 28419.
839 2735 879 2742 —
901 2717 1012 2750 Eidem
1025 2717 1126 2758 leqato
1142 2715 1285 2748 facultas
1298 2713 1520 2754 dispensandi
1541 2712 1700 2753 praelatos
1715 2712 1934 2744 ecclesiarum
1950 2714 1983 2744 et
2003 2722 2168 2753 personas
2187 2725 2244 2749 ec-

645 2775 794 2806 clesiast.
812 2772 928 2805 saecul.
945 2773 979 2804 et
995 2771 1169 2812 regulares
1186 2778 1256 2801 suae
1272 2767 1454 2809 legationis
1467 2775 1571 2806 super
1589 2765 1839 2806 irregularitate
1856 2774 1958 2805 quam
1975 2766 2042 2806 ipsi
2056 2767 2193 2801 ferendo
2207 2771 2242 2802 in

646 2828 744 2868 alios,
762 2828 879 2859 contra
903 2825 1038 2858 constit.
1061 2822 1252 2856 Innocentii
1277 2821 1378 2862 Papae
1403 2820 1472 2857 1v1,
1492 2828 1622 2851 excom.
1648 2818 1851 2850 sententiam
1874 2819 1947 2850 sine
1974 2820 2111 2860 scriptis
2127 2824 2160 2854 et
2174 2832 2241 2856 non

645 2880 847 2914 abstinendo
872 2888 892 2911 a
919 2878 1059 2916 divinis,
1078 2878 1178 2918 juxta
1195 2877 1345 2908 tenorem
1372 2873 1508 2906 constit.
1526 2872 1649 2913 ipsius,
1670 2872 1911 2903 contraxerunt
1936 2872 1989 2904 vel
2012 2875 2242 2909 contraxerint

646 2944 709 2967 sua
722 2934 892 2975 legatione
906 2932 1062 2964 durante.
1081 2931 1133 2971 (A.
1150 2931 1201 2965 25,
1219 2929 1241 2960 f.
1259 2930 1320 2961 690
1337 2933 1366 2965 ⁵5
1391 2926 1426 2958 V.
1444 2927 1496 2964 80,
1511 2935 1563 2966 ep.
1582 2927 1631 2963 23,
1649 2924 1686 2955 de
1700 2924 1814 2963 cur-ia.)

689 2983 824 3017 28420.
844 3003 881 3010 —
893 2984 969 3018 Eia.
986 2983 1084 3026 quato
1096 2983 1241 3015 facultas
1256 2979 1476 3021 dispensandi
1492 2988 1533 3010 xi.
1549 2987 1639 3019 pers.
1654 2977 1842 3009 ecclesiast.
1860 2986 1930 3010 suae
1945 2978 2124 3019 legationis
2138 2990 2241 3023 super

646 3040 895 3082 irregularitate
924 3046 1027 3079 quam
1051 3036 1294 3069 contraxerunt
1317 3043 1378 3066 seu
1400 3032 1642 3069 contraxerint,
1668 3031 1740 3062 ead.
1764 3030 1932 3071 legatione
1955 3031 2113 3071 durante,
2137 3043 2180 3068 ox
2204 3045 2244 3070 eo
