2540 3496
319 359 379 390 252

345 450 392 477 Ι).ιι
401 458 447 476 um
481 446 661 478 Avenione.

324 554 359 580 ao
378 555 419 586 (w
440 551 494 585 id.)
515 551 571 586 Μ.
597 549 684 577 4326.

460 922 496 951 Ut
516 930 539 949 s.

457 1081 493 1109 Ut
513 1089 537 1108 s.

458 1188 492 1215 Ut
511 1197 534 1215 s.

461 1455 496 1483 Ut
517 1464 540 1483 3.

395 1501 439 1528 Gr.
463 1509 513 1535 pro
530 1501 595 1527 Deo.

332 1939 365 1964 Η
383 1939 413 1972 (v
431 1937 551 1971 id.)jul.
573 1937 659 1965 1326.

436 1982 466 2009 T.
486 1982 555 2009 XVI.

460 2099 494 2125 ljt
510 2107 532 2124 s.

404 2143 433 2168 T.
452 2143 495 2175 xl,
514 2143 585 2169 Xlll.

453 2311 490 2339 Ut
509 2320 532 2338 s.

406 2355 436 2381 T.
455 2356 499 2388 xl,
520 2356 590 2383 Xlll.

458 2633 491 2659 {lt
511 2642 534 2660 s.

459 2846 494 2874 Ut
514 2855 537 2874 s.

395 2891 424 2918 T.
444 2892 502 2925 ΧΠ,
524 2892 592 2918 xlv.

718 353 890 385 JOANNlS
915 352 1032 384 PAPAE
1055 351 1155 382 XXll.
1180 350 1431 390 (1316-1334).
1452 366 1491 372 —
1514 348 1700 380 LITTERAE
1723 348 1949 381 COMMUNES

789 542 925 574 25925.
944 562 981 567 -
997 544 1116 575 Joanm‘
1128 542 1165 573 de
1179 542 1334 572 Ponciaco
1351 541 1460 581 gratia
1479 549 1575 581 exsp.
1592 540 1703 572 benef.
1722 549 1749 571 3.
1765 549 1793 572 c.
1810 542 1864 580 (50
1877 541 1951 573 flor.
1970 541 2057 580 auri)
2075 542 2109 573 in
2125 542 2218 575 civit.
2231 542 2286 575 vel
2301 543 2348 575 di.

745 598 975 634 Acherontin.‚
993 597 1115 637 pertin.
1131 596 1172 626 ad
1190 595 1300 627 collat.
1319 593 1482 634 archiep.i
1495 593 1716 626 Acherontini
1724 603 1733 632 ;
1748 603 1815 626 11011
1828 594 1917 627 obst.
1932 595 1968 626 in
1982 595 2105 627 Baren.
2125 597 2200 628 ets.
2217 595 2351 629 Nicolai

744 653 783 683 de
799 652 886 683 Baro
902 650 983 682 eccl.
1005 658 1123 681 canon.
1141 651 1174 680 et
1192 648 1310 688 praeb.,
1326 649 1358 679 et
1377 647 1412 678 in
1428 647 1616 684 Botontin.,
1638 647 1871 686 Acheruntia„
1889 648 2104 689 Neapolitan.
2122 650 2156 681 et
2169 649 2348 682 Puteolan.

743 705 788 736 di.
808 703 1012 744 quibusdam
1027 702 1138 734 benef.
1157 703 1208 740 (12
1223 710 1299 732 unc.
1320 701 1421 739 auri),
1439 709 1476 732 ac
1489 700 1598 741 gratia
1615 709 1708 741 exsp.
1724 701 1836 733 benef.
1853 710 1882 733 c.
1899 710 1929 733 c.
1946 701 2000 734 vel
2016 711 2044 734 s.
2059 711 2087 734 c.
2105 703 2241 735 etiamsi
2255 702 2350 744 dign.

744 758 796 788 vel
818 758 1019 797 personatus
1035 755 1160 787 existat
1178 755 1214 786 in
1236 754 1330 786 civit.
1352 754 1406 786 vel
1423 754 1469 785 di.
1485 753 1717 794 Neapolitan.,
1738 755 1781 786 ad
1804 755 1918 787 collat.
1939 755 2102 796 archiep.i
2117 755 2350 797 Neapolitani.

741 829 780 834 —
794 811 820 842 Ι.
841 819 868 841 e.
888 819 933 841 m.
949 818 1025 849 ep.o
1041 809 1224 846 Potentin.‚
1243 809 1276 839 et
1292 807 1406 839 abbati
1422 809 1567 839 monast.
1586 816 1614 839 3.
1630 807 1786 840 Severini
1801 808 2032 849 Neapolitani,
2050 818 2089 841 ac
2101 809 2248 850 archipr.
2264 810 2350 842 eccl.

743 865 782 896 de
801 863 936 898 Alban„
953 862 1158 895 'fricaricem
1176 862 1223 894 di.
1240 861 1296 902 (V.
1314 863 1366 898 81,
1383 869 1436 900 ep.
1455 861 1562 899 2044.)

787 914 924 946 25926.
947 933 986 939 -—-
1007 915 1047 947 N.
1068 926 1097 945 υ.
1116 914 1278 947 Guillelmo
1295 914 1331 945 de
1347 914 1512 950 Ponciaco,
1538 913 1740 946 Aeherontin.
1757 914 1814 952 di..
1833 915 1954 947 indult.
1969 917 2007 947 ut
2023 915 2199 948 confessor
2214 916 2282 957 ipsi
2297 925 2351 949 se-

742 971 810 1002 mel
823 971 955 1001 tantum
971 969 1005 1000 in
1019 969 1141 1000 mortis
1157 967 1301 1000 articulo
1316 967 1452 1007 plenam
1464 967 1617 999 omnium
1633 970 1850 1008 peccatorum
1866 977 2007 1001 suorum
2021 969 2260 1002 remissionem
2273 978 2353 1002 con·

741 1024 859 1055 cedere
874 1023 996 1054 valeat.
1014 1021 1066 1062 (V.
1086 1023 1138 1060 81,
1158 1030 1211 1062 ep.
1226 1022 1333 1059 2045.)

786 1074 924 1107 25927.
942 1093 980 1099 —
996 1075 1036 1107 N.
1055 1086 1093 1106 m.
1113 1074 1247 1116 Aloysiae
1261 1074 1355 1105 uxori
1369 1084 1399 1105 η.
1419 1084 1446 1104 υ.
1473 1073 1629 1105 Guillelmi
1643 1074 1681 1106 de
1699 1075 1864 1114 Ponciaco,
1883 1075 2085 1107 Acherontin.
2103 1075 2162 1115 di„
2177 1076 2350 1110 indultum

741 1130 865 1162 simile.
883 1130 937 1169 (V.
953 1131 1004 1167 81,
1022 1138 1075 1168 ep.
1092 1129 1198 1167 2046.)

785 1181 921 1213 25928.
951 1201 988 1206 -
1009 1182 1144 1223 AEqidio
1171 1181 1208 1212 de
1231 1181 1401 1219 Ponciaco,
1432 1190 1524 1214 mon.
1557 1183 1704 1214 monast.
1734 1182 1873 1223 MaJoris
1898 1182 2100 1215 Monasterii
2124 1183 2349 1222 Turonensis,

740 1239 779 1270 O.
798 1239 832 1270 S.
857 1238 909 1274 Β.,
929 1237 1038 1277 gratia
1059 1245 1154 1275 exsp.
1179 1235 1352 1275 prioratus
1370 1235 1423 1267 vel
1448 1235 1657 1271 administr..
1678 1244 1739 1267 seu
1757 1236 1813 1268 off.
1833 1238 1891 1268 aut
1905 1236 2016 1270 benef.
2034 1246 2063 1269 c.
2084 1246 2113 1269 c.
2134 1237 2190 1269 vel
2206 1246 2236 1269 s.
2249 1246 2292 1274 c.‚
2308 1238 2352 1270 ad

740 1291 874 1323 abbatis
896 1292 928 1322 et
946 1299 1042 1322 conv.
1063 1290 1170 1330 ejusd.
1198 1289 1399 1320 monasterii
1419 1289 1532 1320 collat.
1557 1290 1763 1329 pertinentis
1781 1291 1814 1322 et
1831 1298 1893 1330 per
1910 1290 2024 1331 ipsius
2039 1299 2131 1323 mon.
2150 1291 2246 1323 soliti
2268 1290 2349 1333 gub.

740 1362 777 1367 —-
791 1345 818 1376 Ι.
837 1354 865 1376 e.
883 1353 929 1375 m.
953 1343 1066 1375 abbati
1083 1343 1229 1374 monast.
1254 1351 1281 1373 s.
1307 1342 1474 1374 Pharonis
1501 1342 1662 1382 Melden„
1683 1344 1717 1375 et
1735 1343 1843 1383 priori
1865 1352 1894 1375 3.
1917 1344 2042 1381 Friaci,
2063 1344 2212 1377 Melden.
2231 1345 2292 1383 di„
2313 1353 2351 1377 ac

741 1398 869 1430 cantori
886 1398 966 1429 eccl.
984 1396 1182 1428 Meldensis.
1200 1395 1252 1435 (V.
1269 1397 1320 1432 81,
1338 1404 1390 1436 ep.
1408 1397 1515 1435 2047.)

785 1449 922 1482 25929.
939 1469 976 1474 --
991 1451 1079 1492 Ep.o
1090 1451 1272 1486 parisiensi,
1287 1454 1317 1481 et
1333 1450 1466 1481 Andreae
1481 1450 1517 1482 de
1528 1450 1702 1489 Florentia,
1723 1451 1891 1490 Senonen.,
1912 1461 1949 1482 ac
1963 1451 2097 1483 Olivem'o
2111 1451 2148 1484 de
2164 1451 2349 1495 Campellis,

740 1505 920 1537 Noviomen.
939 1515 1006 1536 can.
1027 1503 1114 1542 eccl„
1131 1504 1243 1535 mand.
1261 1505 1299 1536 ut
1313 1504 1525 1536 Ludovicum
1541 1504 1670 1536 dictum
1684 1504 1811 1542 Grizet,
1827 1503 1919 1537 mon.
1935 1507 2084 1538 monast.
2099 1506 2141 1538 de
2155 1506 2350 1544 Velvinum,

740 1560 879 1591 Cisterc.
896 1559 982 1598 ord.,
996 1558 1204 1590 senonensis
1215 1558 1275 1593 di„
1294 1566 1382 1589 nunc
1396 1558 1431 1589 in
1444 1557 1713 1590 subdiaconatus
1726 1558 1798 1590 ord.
1816 1559 2051 1595 constitutum,
2068 1559 2128 1600 qui
2142 1559 2224 1591 olim
2237 1560 2352 1592 minor

740 1614 837 1644 annis
854 1613 1004 1644 existens
1020 1615 1053 1643 et
1071 1612 1200 1642 invitus
1220 1611 1375 1643 habitum
1393 1612 1546 1652 ejusdem
1572 1612 1645 1643 ord.
1671 1612 1861 1653 assumpsit
1884 1612 1918 1644 in
1933 1613 2024 1645 dicto
2040 1614 2200 1650 monast..
2215 1613 2350 1654 profes-

740 1667 870 1698 sionem
889 1666 1017 1697 faciens
1033 1666 1068 1696 in
1084 1665 1211 1703 eodem,
1237 1665 1365 1705 quique
1380 1665 1600 1705 postmodum
1622 1665 1734 1697 tribus
1752 1665 1885 1698 vicibus
1904 1667 2083 1706 praefatum
2099 1666 2208 1699 exivit
2224 1667 2297 1699 ord.
2316 1669 2351 1700 et

739 1721 780 1752 ad
796 1720 958 1751 saeculum
978 1721 1030 1751 est
1052 1727 1224 1756 reversus,
1243 1718 1421 1750 absolvant
1439 1718 1482 1750 ab
1496 1727 1628 1750 excom.
1647 1721 1787 1759 propter
1804 1719 1983 1760 praemissa
2000 1720 2149 1758 incursa,
2165 1720 2351 1762 ipsumque

740 1774 844 1813 recipi
862 1773 987 1804 faciant
999 1774 1034 1804 in
1051 1775 1198 1804 monast.
1214 1781 1241 1804 s.
1257 1772 1421 1804 Germani
1437 1773 1478 1804 de
1494 1772 1610 1804 Pratis
1625 1781 1730 1813 prope
1747 1773 1916 1811 Parisius,
1935 1773 1974 1805 Ο.
1992 1774 2027 1806 S.
2043 1774 2096 1812 Β.,
2109 1782 2187 1806 cum
2201 1774 2350 1815 rigorem

739 1828 820 1859 dicti
841 1828 983 1859 Cisterc.
1009 1827 1080 1858 ord.
1105 1835 1242 1858 servare
1268 1828 1428 1866 nequeat;
1451 1827 1599 1858 instante
1625 1827 1747 1859 Carolo
1768 1827 1806 1858 F.
1831 1828 1865 1858 et
1888 1827 1931 1859 N.
1957 1828 2000 1860 R.
2024 1827 2078 1868 (A.
2102 1829 2153 1863 25,
2176 1827 2201 1860 f.
2227 1829 2290 1861 569
2316 1827 2349 1866 b;

745 1881 779 1912 V.
797 1882 847 1916 81,
868 1890 920 1920 ep.
935 1880 1042 1920 2676.)

784 1932 922 1964 25930.
940 1952 979 1957 —
995 1934 1082 1975 Epa
1099 1932 1318 1981 'Maqalonensi
1331 1933 1479 1965 facultas
1495 1934 1703 1966 concedendi
1718 1933 1962 1966 tabellionatus
1978 1934 2032 1966 off.
2050 1934 2237 1968 Guillelmo
2253 1935 2350 1968 Mon-

740 1989 830 2026 tutii,
845 1989 924 2020 cler.
942 1988 1073 2024 Pisan.,
1094 1996 1162 2019 non
1183 1987 1362 2028 conjugato
1381 1995 1443 2019 nec
1468 1988 1503 2018 in
1529 1988 1638 2019 sacris
1661 1988 1733 2019 ord.
1757 1988 1955 2026 constituto,
1973 1987 2010 2019 in
2031 1988 2348 2029 Montepessulano,

740 2042 950 2083 Magalonen.
969 2042 1028 2079 di„
1046 2041 1283 2073 commoranti.
1297 2041 1352 2081 (A.
1371 2042 1420 2079 24,
1438 2041 1461 2072 f.
1480 2043 1540 2073 119
1555 2040 1585 2079 *²3
1607 2041 1643 2073 V.
1659 2043 1710 2079 80,
1724 2050 1776 2082 ep.
1792 2041 1897 2081 1533.)

784 2093 921 2125 25931.
942 2112 981 2118 -
1008 2094 1169 2127 Guillelmo
1192 2094 1230 2126 de
1251 2095 1378 2132 Beusea,
1402 2099 1476 2125 nato
1493 2093 1650 2127 Guillelmi
1667 2094 1704 2126 de
1721 2095 1847 2133 Bemta,
1866 2095 1947 2127 cler.
1971 2095 2145 2136 Aquensis
2160 2096 2221 2134 di..
2240 2097 2351 2138 gratia

739 2159 834 2190 exsp.
862 2149 973 2180 benef.
1003 2158 1030 2180 s.
1056 2158 1084 2181 c.
1109 2150 1160 2188 (50
1182 2149 1205 2180 l.
1234 2150 1273 2188 t.)
1302 2149 1337 2179 in
1365 2149 1411 2180 di.
1437 2150 1583 2188 Aquen„
1613 2149 1736 2189 pertin.
1762 2149 1805 2180 ad
1827 2149 1942 2181 collat.
1970 2149 2135 2190 archiep.i
2161 2150 2347 2191 Aquensis.

738 2221 775 2225 —
801 2204 828 2234 I.
847 2212 875 2235 e.
892 2212 936 2234 m.
965 2203 1258 2242 Carpentoraten„
1285 2202 1444 2235 Olorensi
1468 2204 1502 2234 et
1524 2203 1747 2234 Lascurrensi
1773 2203 1873 2243 ep.is.
1895 2202 1946 2241 (A.
1969 2204 2020 2242 25,
2042 2203 2066 2234 f.
2091 2204 2149 2236 231
2176 2208 2206 2242 ¹3
2234 2203 2271 2236 V.
2295 2205 2347 2242 81,

739 2266 792 2297 ep.
809 2258 913 2295 2081.)

784 2308 923 2340 25932.
942 2328 981 2333 --
1001 2310 1168 2341 Francisco
1184 2309 1310 2341 Nicolai
1330 2310 1441 2341 Jacobi
1464 2310 1552 2341 Petri
1578 2310 1726 2342 Conversi
1744 2310 1782 2341 de
1800 2310 1882 2341 Urbe
1900 2319 1995 2351 prov.
2014 2319 2132 2343 canon.
2163 2311 2229 2343 sub
2251 2320 2349 2353 exsp.

740 2365 842 2404 praeh.
866 2365 979 2396 saecul.
998 2364 1078 2396 eccl.
1098 2374 1126 2395 s.
1145 2364 1239 2396 Petri
1254 2365 1295 2395 ad
1315 2364 1459 2396 Vincula
1488 2365 1528 2395 de
1545 2364 1656 2400 Urbe;
1686 2373 1753 2395 non
1775 2363 1864 2395 obst.
1895 2364 2056 2396 clericatu
2085 2366 2118 2396 et
2143 2365 2300 2405 portione
2313 2366 2350 2397 in

740 2419 820 2449 eccl.
840 2427 867 2449 s.
885 2418 1022 2449 Thomae
1035 2418 1075 2449 de
1093 2418 1214 2450 Castro
1241 2418 1386 2456 Toratae,
1414 2418 1580 2458 Nepesin.
1596 2418 1659 2456 di.‚
1676 2419 1717 2449 de
1734 2416 1872 2458 quibus,
1890 2417 1980 2449 sicut
1997 2418 2133 2456 asserit,
2150 2427 2218 2450 non
2234 2420 2350 2459 potest

741 2472 914 2503 commode
931 2471 1059 2511 absque
1075 2472 1218 2511 penuria
1236 2472 1433 2503 sustentari.
1451 2490 1488 2494 —
1510 2472 1537 2504 Ι.
1565 2480 1594 2503 e.
1614 2481 1660 2503 m.
1677 2480 1753 2511 ep.o
1775 2471 1950 2509 Paduano,
1971 2473 2004 2503 et
2022 2471 2169 2512 archipr.
2187 2472 2269 2504 eccl.
2285 2472 2349 2505 Os-

739 2526 872 2563 tiensis,
890 2534 928 2556 ac
939 2525 1063 2556 Joanni
1079 2525 1119 2556 de
1134 2526 1355 2563 Normannis,
1372 2534 1444 2556 can.
1460 2524 1611 2557 basilicae
1623 2525 1790 2565 principis
1803 2525 2038 2565 apostolorum
2052 2525 2094 2557 de
2106 2525 2208 2557 Urbe.
2225 2525 2280 2567 (A.
2295 2527 2348 2564 25,

742 2579 764 2609 f.
780 2580 839 2610 254
855 2584 884 2615 ⁸3
910 2578 942 2610 V.
958 2580 1010 2616 81,
1031 2587 1083 2618 ep.
1103 2579 1206 2618 2127.)

784 2629 923 2662 25933.
941 2650 978 2654 —
995 2632 1126 2663 Mathaeo
1142 2637 1215 2663 nato
1240 2632 1401 2663 Francisci
1424 2632 1564 2663 Vaccarii
1582 2632 1703 2664 ,Iudicis
1727 2632 1854 2663 similis
1876 2632 1986 2673 gratia
2011 2632 2046 2664 in
2068 2633 2185 2665 saecul.
2204 2633 2349 2666 ecclesia

739 2686 772 2717 S.
792 2686 836 2717 M.
856 2686 890 2717 in
907 2685 1089 2717 Cosmedin
1103 2687 1143 2717 de
1160 2687 1263 2718 Urbe.
1283 2704 1321 2709 —
1336 2687 1363 2718 Ι.
1387 2695 1416 2718 e.
1433 2695 1478 2717 m.
1496 2695 1572 2726 ep.o
1593 2686 1768 2724 Paduam,
1788 2687 1821 2718 et
1843 2694 1932 2727 mag.
1957 2685 2160 2726 Pandulpho
2175 2687 2217 2718 de
2230 2686 2345 2720 Sabel-

740 2739 783 2770 lis
798 2748 901 2779 praep.
920 2739 1218 2779 Chableyarum-jn
1234 2741 1314 2772 eccl.
1335 2749 1363 2771 s.
1388 2740 1526 2771 Martini
1545 2740 1769 2778 Turonensis,
1796 2740 1897 2780 Papae
1921 2740 2066 2778 notario,
2090 2748 2128 2772 ac
2145 2739 2260 2772 abbati
2275 2749 2346 2773 mo-

740 2795 826 2824 nast.
846 2802 873 2824 s.
892 2793 991 2824 Pauli
1004 2793 1044 2824 de
1064 2792 1164 2824 Urbe.
1186 2794 1238 2832 (A.
1254 2795 1306 2831 25,
1322 2793 1344 2824 f.
1363 2795 1423 2825 254
1439 2793 1470 2830 b,
1494 2793 1527 2824 V.
1545 2795 1597 2831 81,
1613 2802 1665 2834 ep.
1682 2793 1790 2834 2128.)

784 2843 919 2876 25934.
939 2846 1178 2887 —Pandulplw
1195 2846 1233 2877 de
1250 2847 1458 2878 Buccamatiis
1479 2847 1616 2879 collatio
1641 2855 1761 2879 canon.
1785 2848 1818 2879 et
1840 2846 1945 2887 praeb.
1974 2846 2057 2879 eccl.
2088 2856 2116 2879 s.
2144 2847 2346 2886 Andomari,

739 2900 944 2931 Morinensis
961 2900 1021 2936 di.‚
1040 2900 1234 2932 vacantium
1251 2909 1311 2940 per
1328 2900 1458 2932 obitum
1477 2900 1630 2933 Oddonis
1651 2901 1693 2932 de
1709 2900 1928 2932 Palombaria
1945 2900 1979 2932 S.
1998 2901 2040 2932 A.
2059 2909 2133 2941 cap.
2145 2911 2155 2938 5
2172 2909 2240 2933 non
2255 2900 2344 2934 obst.

739 2954 772 2984 in
797 2953 1017 2985 Catalaunen.
1046 2955 1078 2984 et
1093 2954 1259 2985 Coronen.
1277 2955 1357 2986 eccl.
1375 2963 1495 2986 canon.
1511 2956 1544 2986 et
1558 2954 1662 2994 praeb.
1671 2964 1680 2990 ;
1694 2954 1799 2994 praeb.
1816 2954 1955 2995 quidem
1971 2954 2053 2986 eccl.
2069 2954 2344 3004 Coronensispa-

737 3006 867 3038 cificam
884 3007 1138 3046 possessionem
1158 3016 1224 3038 non
1238 3007 1350 3040 habet.
1368 3025 1405 3029 -
1420 3008 1447 3039 I.
1462 3016 1490 3039 e.
1510 3017 1554 3039 m.
1570 3007 1646 3039 abb.
1664 3009 1810 3039 monast.
1829 3016 1856 3039 s.
1872 3007 2006 3040 Bertini
2029 3007 2070 3040 de
2088 3016 2116 3040 3.
2134 3008 2342 3046 Andomam,
