2540 3496
219 438 323 465 Datum
338 431 524 465 Avenione.

226 541 239 568 Ι
258 538 343 576 (kal.)
358 538 412 574 seb.
434 537 522 566 1326.

306 584 336 611 Τ.
354 582 438 610 ΧΧΧ.

334 913 370 942 Ut
389 921 413 941 s,

199 1237 276 1272 2(1v
294 1235 374 1272 non.)
389 1234 444 1270 feb.
464 1232 553 1262 1326.

305 1281 336 1310 T.
353 1279 446 1308 XXVI.

337 1502 372 1530 Ut
391 1511 415 1530 s.

303 1549 334 1576 T.
356 1547 449 1576 XXVI.

342 1717 378 1745 Ut
399 1725 423 1744 s.

287 1763 318 1790 T.
337 1762 384 1797 XI,
404 1761 477 1789 XIII.

340 1985 377 2013 Ut
397 1993 422 2013 s.

304 2031 335 2059 T.
353 2030 386 2064 X,
402 2029 461 2057 XII.

196 2094 216 2124 3
233 2096 279 2130 (111
297 2093 380 2130 non.)
399 2092 455 2127 feb.
479 2091 568 2120 1326.

299 2138 329 2166 Τ.
350 2138 384 2173 x,
403 2137 463 2165 x11.

344 2361 382 2389 Ut
402 2369 425 2389 s.

251 2407 282 2434 T.
296 2406 357 2434 XIII
368 2406 410 2440 ¹12,
421 2405 458 2433 XI
474 2405 516 2440 ¹l2·

232 2575 250 2605 5
267 2575 361 2612 (non.)
377 2574 434 2610 feb.
454 2573 542 2602 ⁴326.

334 2620 364 2647 T.
386 2619 445 2646 XX.

350 2735 386 2764 Ut
406 2743 431 2765 s.

349 2780 381 2808 T.
402 2780 433 2809 L.

595 339 770 371 JOANNIS
794 338 913 370 PAPAE
935 338 1038 369 XXII.
1062 338 1313 377 (1316-1334).
1335 354 1374 360 —
1397 335 1584 366 LITTERAE
1608 334 1834 366 COMMUNES
2185 338 2224 367 99

663 532 799 565 24355.
819 553 855 558 -
877 534 1033 572 Sam-istae,
1052 538 1081 564 et
1099 533 1226 564 Haterio
1252 531 1289 563 de
1315 531 1492 571 Bellosorti‚
1515 540 1583 561 can.
1602 530 1676 561 eccl.
1704 530 1850 568 Vauren„
1869 540 1905 560 ac
1926 530 2061 571 officiali
2081 530 2228 561 Vaurensi

617 589 730 621 mand.
747 590 784 620 ut
801 588 1006 628 compellant
1024 589 1186 623 rectores,
1204 586 1337 626 priores
1353 588 1386 617 et
1401 585 1699 616 administratores
1715 584 1950 621 ecclesiarum,
1966 584 2180 624 prioratuum
2195 586 2229 616 et

616 643 860 675 beneficiorum
875 651 913 673 ac
929 641 1118 673 ecclesiast.
1137 641 1289 672 locorum
1309 639 1398 671 infra
1411 639 1496 670 fines
1513 638 1807 670 archidiaconatus
1821 637 1966 670 Ulmesii
1982 638 2018 669 in
2032 638 2113 669 eccl.
2131 638 2228 670 Tolo-

619 705 703 728 sana
727 696 947 728 existentium
970 696 1012 726 ad
1037 694 1313 734 respondendum
1338 693 1514 733 Aymardo
1543 692 1702 728 Froterii.
1732 691 1859 723 archid.
1884 691 2030 723 Ulmesii
2056 692 2092 723 in
2111 692 2229 723 eadem

620 750 714 787 eccl.¹
732 750 772 781 de
789 749 962 780 universis
982 748 1120 788 juribus
1143 748 1211 787 ipsi
1234 747 1366 779 ratione
1385 746 1467 778 dicti
1493 746 1675 777 archidiac.
1695 745 1837 783 debitis;
1854 754 1922 777 non
1938 745 2024 777 obst.
2042 746 2132 786 quod
2153 747 2231 786 post

624 803 829 834 divisionem
845 803 1062 842 episcopatus
1075 801 1238 832 Tolosani
1254 800 1344 832 dicta
1360 801 1433 831 loca
1450 800 1486 830 in
1504 799 1719 840 Mirapiscen.
1737 801 1769 831 et
1780 799 2027 840 Appamiarum
2043 799 2089 831 di.
2107 800 2231 831 consti-

623 859 697 889 tuta
709 857 788 888 sint.
808 856 861 895 (A.
880 857 931 892 2⁴,
950 847 973 886 f'.
995 857 1056 886 426
1073 860 1100 890 ·;
1124 854 1159 886 ν.
1176 856 1227 892 80,
1252 862 1303 894 ep.
1325 855 1410 892 789.)

670 907 804 939 24356.
825 928 863 932 -
879 909 1025 939 Elisendi
1042 908 1157 948 reqinae
1174 908 1354 948 Araqonum
1378 907 1477 939 facul.
1497 907 1661 938 fundandi
1684 916 1790 938 unum
1813 909 1959 939 monast.
1979 916 2135 940 sororum
2158 908 2231 940 ord.

622 972 651 995 s.
667 964 775 996 Clarae
789 963 879 994 infra
899 963 1189 994 Terraconensem
1207 961 1429 1000 provinciam,
1447 961 1482 991 in
1496 961 1569 992 loco
1585 969 1645 1000 per
1660 969 1763 991 unam
1780 961 1911 992 leucam
1929 961 2049 993 saltem
2068 961 2109 992 ab
2125 962 2233 993 homi·

622 1026 704 1048 num
720 1016 929 1048 habitatione
942 1017 1084 1052 remoto,
1103 1023 1205 1054 quem
1220 1014 1379 1045 minister
1392 1014 1614 1054 provincialis
1629 1014 1668 1046 O.
1687 1014 1726 1045 F.
1742 1014 1787 1046 M.
1804 1015 1987 1054 provinciae
2001 1016 2233 1056 Aragonensis

624 1070 883 1102 convenientem
901 1070 934 1100 et
952 1070 1067 1108 aptum
1086 1068 1159 1099 fore
1176 1067 1384 1108 cognoverit,
1402 1067 1586 1098 dummodo
1603 1067 1713 1099 eidem
1728 1068 1934 1100 monasterio
1949 1069 2063 1100 taliter
2078 1069 2119 1101 de
2135 1069 2234 1101 bonis

622 1124 696 1155 suis
722 1122 971 1163 temporalibus
995 1121 1187 1162 provideat,
1209 1121 1298 1161 quod
1315 1121 1355 1151 de
1381 1120 1432 1152 eis
1460 1130 1505 1151 xu
1522 1121 1692 1152 moniales
1721 1121 1844 1153 saltem
1872 1123 2058 1154 sustentari
2085 1123 2232 1156 valeant.

620 1177 673 1212 (A.
688 1179 738 1214 24,
756 1177 779 1208 f.
799 1177 856 1207 431
876 1175 908 1212 Ἢ
932 1175 968 1207 V.
978 1176 1030 1213 80,
1047 1183 1100 1215 ep.
1119 1175 1196 1212 803;
1211 1174 1333 1209 Eubel,
1354 1173 1529 1205 Bullarium
1543 1173 1797 1211 Franciscanum,
1814 1176 1838 1206 t.
1857 1175 1900 1210 V,
1918 1184 1950 1215 p.
1968 1177 2038 1213 297,
2055 1185 2088 1207 n.
2107 1177 2196 1216 600.)

666 1227 806 1261 24357.
822 1246 861 1252 -
878 1228 1024 1260 Arnaldo
1039 1228 1189 1269 Audoyni
1204 1227 1375 1259 indultum
1393 1229 1431 1259 ut
1448 1235 1558 1267 usque
1576 1228 1619 1258 ad
1633 1228 1822 1259 triennium
1834 1229 1924 1268 ¹juris
1938 1229 2052 1261 civilis
2071 1231 2184 1262 studio
2200 1231 2236 1261 in

621 1285 697 1316 loco
708 1284 768 1315 ubi
787 1283 873 1315 illud
889 1283 1000 1323 vigeat
1022 1282 1180 1323 generale
1197 1281 1359 1313 insistere
1379 1281 1502 1317 valeat,
1520 1282 1552 1312 et
1569 1281 1720 1317 interim,
1740 1291 1815 1313 cum
1830 1282 1865 1313 in
1881 1282 2146 1315 subdiaconatus
2162 1284 2222 1316 ord

621 1338 829 1370 constitutus
847 1337 987 1374 existat,
1000 1336 1043 1368 ad
1059 1336 1294 1376 recipiendum
1308 1335 1504 1375 superiores
1524 1335 1674 1372 ordines,
1691 1335 1823 1367 ratione
1838 1345 1933 1376 perp.
1951 1337 2086 1369 vicariae
2099 1338 2234 1377 paroch.

621 1392 701 1424 eccl.
729 1400 757 1423 s.
775 1390 920 1423 Joannis
945 1390 985 1422 de
1011 1390 1146 1426 Amnis,
1170 1390 1322 1421 Electen.
1351 1389 1410 1426 di.,
1436 1397 1538 1428 quam
1567 1388 1709 1426 obtinet,
1736 1389 1879 1421 minime
1912 1392 2078 1422 teneatur.
2112 1392 2166 1431 (A.
2186 1393 2237 1430 24,

622 1446 645 1477 f.
663 1447 724 1477 362
739 1445 767 1482 ιη
794 1444 828 1476 V.
846 1446 898 1482 80,
917 1453 969 1484 ep.
985 1444 1073 1485 665.)

666 1495 804 1528 24358.
825 1516 864 1521 --
883 1497 1048 1530 Guillelmo
1063 1497 1135 1528 abb.
1152 1501 1282 1527 monast.
1300 1496 1599 1533 Grandimomensis,
1615 1497 1806 1529 Lemovicen.
1824 1497 1880 1535 di.,
1899 1499 2013 1531 mand.
2029 1500 2066 1530 ut
2082 1498 2239 1532 observet

624 1554 750 1585 statuta
764 1554 797 1584 et
819 1552 1054 1584 ordinationes
1080 1560 1141 1591 per
1157 1551 1196 1583 P.
1213 1551 1251 1583 P.
1268 1559 1332 1591 pro
1348 1550 1466 1582 ordine
1485 1551 1789 1583 Grandimontensi
1807 1552 1899 1583 edita
1915 1553 1948 1584 et
1969 1553 2075 1584 factas
2095 1553 2135 1584 de
2152 1562 2239 1585 novo

623 1607 667 1638 ad
681 1606 923 1646 extirpandum
944 1605 1108 1637 radicitus
1127 1605 1281 1636 omnium
1298 1604 1459 1645 palmites
1477 1604 1633 1636 odiorum
1643 1615 1652 1642 ;
1669 1605 1803 1645 priores
1818 1606 1910 1637 enim
1934 1606 2016 1638 dicti
2034 1607 2105 1638 ord.
2125 1607 2166 1638 de
2181 1607 2239 1639 hu-

620 1660 772 1702 jusmodi
791 1659 1047 1692 ordinationum
1073 1658 1330 1691 inobservantia
1348 1660 1613 1699 conqueruntur.
1634 1659 1686 1697 (A.
1711 1661 1762 1697 24,
1787 1659 1811 1690 f.
1829 1661 1886 1691 391
1907 1665 1936 1696 ⁸3
1965 1660 1997 1691 V.
2015 1662 2067 1698 80,
2085 1669 2137 1701 ep.
2154 1661 2241 1702 700.)

668 1711 809 1745 24359.
824 1733 863 1738 -
877 1714 997 1745 Joanni
1011 1713 1093 1744 dicto
1110 1712 1185 1744 Bols
1206 1721 1301 1752 prov.
1322 1721 1441 1744 canon.
1460 1713 1524 1744 sub
1539 1721 1636 1753 exsp.
1663 1712 1766 1753 praeb.
1783 1714 1864 1745 eccl.
1879 1714 1912 1746 S.
1930 1715 1975 1746 M.
1992 1714 2239 1755 Trajectensis;

624 1777 692 1800 non
710 1768 798 1799 obst.
818 1768 853 1799 in
869 1767 1015 1799 ecclesia
1037 1767 1216 1804 Xancten.,
1235 1766 1413 1798 Colonien.
1432 1766 1491 1803 di.,
1507 1775 1625 1798 canon.
1647 1767 1688 1798 de
1708 1775 1787 1806 quo,
1804 1767 1893 1799 sicut
1909 1768 2044 1806 asserit,
2066 1777 2240 1809 nunquam

625 1822 756 1862 aliquid
778 1822 941 1862 percepit,
959 1829 1021 1852 nec
1045 1821 1201 1861 percipit,
1219 1822 1277 1852 aut
1293 1820 1328 1851 in
1343 1820 1440 1863 brevi
1466 1821 1632 1860 percipiet
1654 1821 1689 1852 in
1714 1821 1838 1852 futuro.
1853 1839 1893 1844 —
1908 1822 1935 1853 I.
1954 1831 1982 1853 e.
2001 1831 2046 1853 m.
2063 1823 2240 1855 Colonien.

627 1878 659 1908 et
684 1876 864 1913 Xancten.,
888 1874 1065 1907 Colonien.
1083 1874 1142 1911 di.,
1162 1874 1312 1911 decanis,
1339 1883 1377 1906 ac
1404 1874 1541 1906 scolast.
1566 1874 1701 1906 Tullen.
1730 1875 1811 1906 eccl.
1835 1875 1889 1915 (A.
1906 1877 1957 1913 25,
1977 1876 2000 1907 f.
2018 1877 2058 1908 90
2073 1876 2102 1914 ι>;
2130 1876 2165 1908 V.
2189 1878 2239 1916 81,

627 1939 679 1970 ep.
697 1931 803 1968 1705.)

672 1980 811 2013 24360.
830 2001 869 2005 -
884 1982 1020 2013 Henrico
1036 1982 1110 2013 Bols
1133 1982 1261 2014 similis
1278 1982 1388 2022 gratia
1406 1982 1440 2012 in
1463 1981 1544 2013 eccl.
1565 1990 1594 2012 s.
1616 1982 1760 2014 Joannis
1784 1982 2025 2022 Trajectensis.
2046 2001 2084 2007 —
2102 1984 2128 2015 I.
2148 1993 2176 2016 e.
2195 1993 2241 2015 m.

626 2037 664 2069 ut
682 2045 710 2068 s.
728 2037 781 2077 (A.
798 2038 851 2073 25,
871 2036 894 2068 f.
911 2038 947 2068 91
966 2042 995 2074 ⁸;
1013 2036 1049 2068 V.
1065 2037 1117 2074 81,
1134 2044 1188 2076 ep.
1205 2038 1310 2075 1706.)

674 2088 810 2120 24361.
828 2108 867 2114 -
879 2091 1028 2127 Antonio,
1048 2095 1123 2121 nato
1135 2090 1282 2122 Severini
1293 2089 1413 2122 Judicis
1425 2089 1583 2121 Guillelmi
1595 2089 1632 2121 de
1645 2090 1765 2121 Sancto
1777 2091 1901 2127 Severo,
1914 2100 2009 2132 prov.
2025 2101 2143 2124 canon.
2160 2093 2241 2124 eccl.

627 2145 787 2177 Civitatis
805 2145 936 2177 Sanctae
951 2144 1068 2176 Mariae
1090 2144 1154 2175 sub
1179 2153 1277 2184 exsp.
1293 2143 1397 2184 praeb.
1412 2143 1536 2184 pertin.
1561 2144 1604 2175 ad
1621 2144 1735 2176 collat.
1757 2145 1825 2184 ep.i
1841 2145 2001 2177 Civitatis
2024 2146 2154 2178 Sanctae
2173 2146 2240 2178 Ma-

629 2199 704 2235 riae3
722 2207 789 2230 non
806 2199 894 2230 obst.
915 2199 949 2229 in
963 2198 1044 2229 eccl.
1062 2198 1095 2229 S.
1112 2197 1157 2229 M.
1173 2198 1214 2229 de
1231 2197 1354 2229 Sancto
1369 2197 1506 2233 Severo,
1525 2197 1709 2229 Civitaten.
1729 2198 1790 2237 di.,
1807 2199 1976 2231 diaconali
1991 2200 2066 2232 loco
2083 2201 2116 2232 et
2134 2201 2242 2240 parte,

630 2254 661 2293 (3
677 2261 752 2284 uno.
769 2252 870 2292 auri).
886 2252 961 2284 -I.
974 2261 1003 2283 e.
1021 2261 1067 2283 m.
1081 2251 1254 2291 arehiep.o
1266 2251 1439 2291 Capuano,
1456 2252 1488 2282 et
1505 2251 1735 2291 Forojuliensi
1755 2261 1793 2284 ac
1809 2253 1995 2285 Casertano
2012 2254 2110 2294 ep.is.
2121 2254 2174 2294 (A.
2190 2255 2243 2292 24,

630 2306 654 2338 f.
673 2308 733 2338 394
750 2310 779 2344 ·;
802 2305 836 2337 V.
853 2307 904 2345 80,
926 2314 979 2346 ep.
998 2305 1086 2344 699.)

675 2357 813 2390 24362.
831 2378 869 2382 -
888 2359 1003 2390 Pontio
1020 2358 1057 2390 de
1069 2358 1255 2399 Anceqiaco,
1269 2358 1392 2390 rectori
1408 2358 1545 2398 paroch.
1563 2359 1643 2390 eccl.
1665 2359 1706 2390 de
1724 2360 1852 2398 Landa‚
1872 2360 2050 2392 Caturcen.
2072 2361 2132 2398 di.,
2147 2370 2243 2402 prov.

630 2423 748 2446 canon.
775 2413 840 2445 sub
858 2422 955 2453 exsp.
978 2412 1081 2453 praeb.
1109 2412 1190 2444 eccl.
1219 2413 1412 2449 Caturcen.¹
1439 2412 1585 2453 supplic.
1609 2413 1770 2453 capitulo.
1791 2431 1827 2436 —
1847 2414 1874 2445 Ι.
1889 2422 1918 2446 e.
1938 2423 1984 2446 m.
2007 2414 2084 2446 abb.
2114 2424 2142 2446 s.
2158 2415 2245 2447 Mar-

631 2467 720 2505 celli,
741 2469 775 2500 et
793 2467 993 2502 Artaecellae‚
1012 2475 1073 2507 per
1086 2466 1236 2506 priorem
1255 2466 1348 2498 soliti
1364 2465 1456 2506 gub„
1474 2468 1633 2504 monast.,
1652 2475 1690 2498 ac
1708 2467 1748 2498 de
1765 2467 1904 2500 Securio
1920 2468 2106 2508 prioribus,
2129 2469 2247 2501 Catur-

630 2530 716 2557 cen.‚
735 2522 868 2561 Aquen.
886 2522 919 2552 et
933 2520 1069 2552 Albien.
1086 2520 1132 2552 di.
1154 2520 1207 2557 (A.
1227 2521 1281 2558 24,
1296 2520 1319 2551 f.
1333 2521 1394 2552 418
1413 2525 1441 2558 ²;
1467 2520 1500 2551 V.
1516 2521 1567 2557 80,
1583 2528 1636 2560 ep.
1656 2521 1742 2561 768.)

677 2572 813 2604 24363.
831 2592 869 2597 ——
886 2574 925 2605 N.
947 2585 976 2605 υ.
998 2573 1154 2606 Gonsalvo
1169 2573 1298 2612 Garsiae,
1309 2574 1419 2606 Jacobi
1435 2574 1517 2614 reyis
1530 2573 1711 2615 Araqonum
1726 2574 1918 2614 consiliario,
1936 2576 2107 2608 indultum
2122 2581 2159 2609 ut
2170 2586 2244 2609 con-

632 2630 742 2661 fessor
762 2637 846 2660 suus
871 2628 939 2668 ipsi
959 2628 1067 2660 semel
1082 2629 1216 2659 tantum
1235 2628 1270 2659 in
1293 2628 1416 2660 mortis
1431 2628 1575 2660 articulo
1598 2628 1735 2668 plenam
1757 2629 1910 2662 omnium
1934 2631 2150 2670 peccatorum
2169 2639 2244 2662 suo-

632 2692 708 2715 rum
726 2682 966 2714 remissionem
982 2682 1166 2714 concedere
1183 2682 1307 2714 valeat.
1325 2682 1381 2722 (A.
1394 2683 1446 2719 24,
1466 2682 1489 2712 f.
1506 2683 1566 2713 362
1580 2687 1608 2720 ⁸3
1628 2682 1665 2714 V.
1679 2683 1730 2720 80,
1746 2691 1799 2722 ep.
1817 2684 1903 2723 628.)

680 2733 816 2766 24364.
833 2754 870 2759 —-
888 2734 978 2766 Univ.
998 2734 1210 2767 collectoribus
1222 2735 1383 2775 fructuum
1397 2735 1495 2777 primi
1509 2735 1585 2766 anni
1601 2745 1653 2766 seu
1666 2736 1883 2778 cujuscumque
1894 2737 2023 2769 alterius
2038 2738 2249 2779 deputationis

631 2799 690 2831 per
707 2790 747 2821 P.
761 2790 800 2820 P.
823 2789 917 2830 sactae
932 2789 1145 2830 beneficiorum
1175 2790 1210 2820 in
1229 2789 1466 2830 quibuscumque
1482 2790 1586 2831 reqnis
1603 2794 1632 2821 et
1644 2790 1821 2830 provinciis
1839 2800 1900 2832 per
1912 2791 1949 2822 S.
1963 2791 2005 2823 A.
2021 2791 2188 2832 deputatis,
2202 2791 2250 2824 vel

634 2842 903 2874 subcollectoribus
917 2842 1090 2874 eorumdem
1100 2842 1477 2884 notificaturlquatenus
1490 2843 1584 2883 Papa
1596 2844 1748 2875 decernit
1761 2844 1850 2884 quod
1864 2845 2038 2884 deputatio
2053 2845 2248 2885 hujusmodi

635 2897 677 2928 ad
695 2898 815 2929 domos
840 2897 1022 2937 hospitalis
1041 2906 1069 2928 s.
1086 2897 1229 2928 Joannis
1245 2897 1520 2928 Jerosolimitani
1545 2897 1688 2928 minime
1707 2898 1923 2935 extendatur,
1940 2907 2045 2938 quare
2068 2900 2249 2932 mandatur

636 2950 687 2982 eis
701 2951 738 2982 ut
751 2958 870 2982 omnes
892 2950 1036 2989 fructus,
1051 2950 1218 2988 redditus,
1238 2951 1427 2990 proventus
1442 2952 1475 2982 et
1491 2950 1579 2982 bona
1591 2950 1773 2990 hospitalis
1789 2951 1953 2990 ejusdem,
1966 2953 2132 2992 praetextu
2152 2954 2249 2986 dictae

637 3003 869 3043 deputationis
893 3003 1025 3042 saisita,
1044 3005 1142 3044 capta
1158 3004 1213 3035 vel
1238 3004 1416 3040 arrestata,
1436 3004 1630 3041 restituant,
1648 3005 1692 3039 et,
1712 3004 1742 3035 si
1766 3004 1883 3035 forsan
1898 3004 2035 3037 vendita
2054 3005 2182 3039 fuerint
2196 3008 2250 3040 vel

640 3056 813 3094 distracta,
831 3057 871 3088 de
888 3057 960 3088 illis
976 3057 1075 3097 plene
1091 3057 1252 3089 satisfieri
1271 3057 1412 3093 faciant3
1429 3057 1524 3088 salvo
1539 3057 1629 3097 quod
1644 3057 1674 3087 si
1693 3057 1727 3087 in
1743 3057 1872 3088 eisdem
1891 3058 2049 3091 domibus
2066 3062 2180 3092 essent
2197 3070 2247 3094 ec·
