2540 3496
234 412 341 440 Datum
361 405 545 440 Avenione.

204 514 223 542 ⁶·
242 513 312 550 (vm
331 512 387 548 id.)
405 512 461 547 feb.
485 510 573 540 1327.

297 557 328 585 Τ.
346 557 392 591 XI,
407 556 478 584 xl11.

352 888 388 916 Ut
408 895 432 916 ε.

294 933 326 963 Τ.
347 933 394 965 XI,
415 932 487 962 XIII.

355 1320 392 1348 Ut
413 1328 436 1347 s.

231 1588 249 1616 7
265 1589 321 1624 (vn
336 1587 390 1621 id.)
405 1588 461 1623 seb.
478 1587 567 1616 4327.

308 1633 339 1661 T.
358 1633 405 1668 xl,
418 1633 491 1661 XIII.

364 1857 400 1884 Ut
416 1865 440 1884 s.

310 1902 341 1930 T.
363 1902 410 1937 Xl,
425 1902 497 1930 XIII.

368 2072 405 2100 Ut
419 2081 443 2100 s.

312 2117 343 2145 T.
360 2117 405 2152 XI,
422 2118 495 2146 XIII.

371 2396 407 2424 Ut
420 2405 444 2424 s.

312 2441 344 2468 T.
357 2441 430 2474 XIII,
445 2442 502 2470 XV.

373 2772 410 2801 Ut
424 2780 448 2800 s.

271 2817 303 2846 T.
318 2817 355 2846 XI
366 2819 409 2852 ¹l2‚
427 2818 489 2845 XIII
507 2818 551 2853 Ἀ.

600 319 775 351 JOANNIS
798 320 917 350 PAPAE
939 320 1041 350 XXII.
1067 322 1316 359 (1316-1334).
1340 340 1378 344 —
1400 322 1586 352 LITTERAE
1609 322 1834 353 COMMUNES
2174 328 2234 357 443

678 508 816 541 27797.
838 528 876 533 --
889 510 1022 541 Boberco
1039 510 1077 541 de
1094 510 1270 549 Cambam's,
1286 511 1366 542 cler.
1383 511 1524 543 Roberti
1541 512 1630 552 regis
1646 514 1678 544 et
1693 513 1822 544 Sanciae
1837 513 1961 553 reginae
1976 513 2112 549 Siciliae,
2129 515 2237 554 gratia

633 574 728 604 exsp.
752 564 863 596 benef.
881 566 933 603 (30
949 573 1024 595 unc.
1045 565 1133 604 auri)
1154 565 1188 595 in
1209 565 1301 595 civit.
1327 565 1382 595 vel
1409 565 1455 595 di.
1480 566 1710 605 Neapolitan.‚
1733 567 1855 605 pertin.
1878 567 1919 597 ad
1946 567 2057 598 collat.
2076 567 2238 607 archiep.i

633 618 867 658 Neapolitani;
883 627 950 649 non
966 618 1053 649 obst.
1076 627 1194 649 canon.
1213 620 1245 650 et
1258 618 1361 657 praeb.
1377 619 1456 650 eccl.
1475 619 1708 655 Salernitanae,
1722 620 1867 659 quodam
1877 620 1999 656 benef..
2017 630 2032 651 «
2052 621 2208 652 turbiano
2223 631 2238 652 »

634 672 823 712 vulgariter
838 674 1043 711 nuncupato,
1063 672 1129 702 sito
1145 671 1180 702 in
1192 673 1277 703 turri
1290 672 1437 709 Octanae,
1456 682 1492 703 ac
1504 673 1535 704 S.
1555 673 1600 704 M.
1614 674 1654 704 de
1669 674 1787 704 Malito
1803 676 1836 704 et
1851 674 1883 705 S.
1903 674 1948 705 M.
1967 674 2008 705 de
2024 675 2145 705 Avella
2158 675 2237 706 eccl.

635 734 662 758 S.
683 735 725 762 c.,
742 726 840 757 dictae
857 725 1073 765 Neapolitan.
1095 727 1128 756 et
1149 725 1271 757 Nolan.
1289 726 1335 756 di.
1351 743 1390 747 —
1405 726 1430 756 I.
1452 735 1480 757 e.
1505 735 1550 757 m.
1578 726 1748 766 archiep.o
1767 727 1930 767 Capuan,
1949 730 1980 759 et
1999 727 2075 759 abb.
2093 730 2238 759 monast.

635 788 663 811 s.
683 780 838 811 Severini
852 779 1080 818 Neapolitan„
1097 788 1136 810 ac
1154 788 1241 818 mag.
1263 779 1405 810 Nicolao
1427 779 1466 810 de
1488 780 1631 816 Fractis,
1651 789 1724 811 can.
1747 781 1936 817 Patracen.¹
1954 781 2020 812 litt.
2040 783 2149 821 apost.
2168 791 2237 813 cor-

636 833 770 865 rectori.
789 832 842 871 (A.
863 834 914 866 26.
931 833 952 863 f.
973 834 1032 864 526
1047 832 1077 868 h;
1103 832 1138 863 V.
1154 833 1204 869 82,
1222 841 1274 872 ep.
1292 834 1380 871 872.)

682 884 820 916 27798.
838 905 876 910 -
895 886 978 927 Maq.
998 887 1167 918 Francisco
1183 886 1219 916 de
1241 885 1337 921 Ces-is,
1357 895 1429 917 can.
1446 886 1591 925 praeben.
1622 889 1654 917 et
1678 887 1857 918 scolastico
1875 888 1953 918 eccl.
1975 888 2174 925 Palentinoe‚
2191 897 2241 919 re-

639 943 819 973 servantur
834 941 1068 980 praestimonia
1085 942 1117 971 in
1134 941 1207 971 ead.
1226 940 1305 971 eccl.
1333 948 1418 979 quae,
1450 941 1655 979 computatis
1682 941 1924 979 praestimoniis
1948 942 1999 980 (65
2018 941 2243 973 marabutino-

637 997 726 1034 rum)
737 1003 811 1035 quae
823 995 894 1035 jam
907 995 941 1025 in
958 995 1033 1034 ipsa
1049 994 1190 1029 obtinet,
1208 1002 1316 1033 usque
1331 994 1372 1024 ad
1386 993 1643 1025 aestimationem
1659 995 1719 1025 200
1735 994 2026 1025 marabutinorum
2040 995 2243 1034 completam

638 1049 835 1085 ascendant,
861 1050 962 1088 prout
986 1048 1065 1079 licet
1087 1057 1130 1079 ex
1157 1049 1285 1078 statuto
1308 1047 1419 1086 ipsius
1439 1047 1519 1078 eccl.
1541 1056 1607 1086 quo
1629 1047 1874 1085 canonicatum,
1897 1049 1929 1078 et
1950 1050 2168 1087 personatum
2190 1049 2244 1079 vel

639 1103 693 1134 off.
713 1103 818 1134 simul
836 1103 871 1133 in
891 1103 966 1141 ipsa
983 1101 1151 1137 obtinens,
1176 1101 1236 1132 illo
1255 1101 1433 1131 dumtaxat
1457 1102 1598 1140 excepto
1619 1101 1677 1140 qui
1700 1100 1870 1131 abbatiam
1890 1101 2030 1138 obtinet,
2050 1101 2244 1133 aestimatio-

639 1165 717 1188 nem
733 1158 794 1188 200
811 1156 1105 1187 marabutinorum
1119 1155 1154 1186 in
1168 1154 1412 1194 praestimoniis
1426 1154 1535 1194 ejusd.
1550 1154 1630 1185 eccl.
1644 1154 1766 1185 habere
1784 1156 1907 1193 potest.
1924 1172 1963 1177 -
1979 1155 2004 1186 Ι.
2023 1164 2050 1186 e.
2067 1164 2112 1186 m.
2131 1155 2245 1186 abbati

639 1212 786 1242 monast.
806 1210 846 1241 de
862 1209 1092 1249 Morcaplana,
1109 1209 1279 1240 Palentin.
1302 1208 1361 1246 di.,
1383 1209 1415 1238 et
1437 1216 1539 1247 praep.
1557 1208 1713 1245 Januen.‚
1733 1217 1771 1238 ac
1787 1208 1913 1238 archid.
1931 1209 1971 1239 de
1990 1209 2148 1239 Ardenna
2163 1209 2244 1240 Leo-

641 1265 731 1296 dien.
747 1264 828 1295 eccl.
846 1264 897 1304 (A.
917 1265 968 1298 26,
986 1263 1008 1294 f.
1024 1265 1083 1294 577
1102 1262 1134 1299 ¹²;
1158 1262 1193 1293 V.
1211 1264 1264 1299 82,
1281 1270 1333 1301 ep.
1353 1262 1440 1299 987.)

686 1315 823 1347 27799.
844 1335 883 1340 —
900 1315 1058 1357 Goffrido,
1077 1320 1150 1347 nato
1171 1314 1270 1346 Ulrici
1287 1315 1364 1346 dicti
1386 1315 1521 1345 Minislri
1544 1315 1580 1345 de
1596 1314 1775 1355 Hunaber9‚
1791 1315 1997 1346 subdiacono
2013 1315 2246 1346 constantien.

641 1372 701 1408 di.,
719 1371 912 1409 habilitatio
929 1379 1032 1410 super
1051 1379 1089 1401 eo
1109 1370 1199 1410 quod
1214 1370 1346 1411 fructus
1362 1369 1465 1400 unius
1482 1370 1560 1399 anni
1581 1371 1704 1400 curatae
1725 1369 1804 1399 eccl.
1818 1369 1852 1399 in
1867 1369 2165 1405 Nassemburren„
2182 1369 2248 1400 Au-

641 1428 773 1466 gusten.
790 1425 849 1464 di.,
869 1426 920 1461 (16
937 1425 1010 1455 flor.
1027 1424 1126 1462 auri),
1147 1432 1249 1463 quam
1266 1432 1325 1463 per
1341 1433 1372 1453 vr
1389 1432 1495 1454 annos
1512 1425 1668 1454 tenuerat
1683 1423 1724 1453 ad
1737 1422 1963 1453 sacerdotium
1981 1431 2046 1452 non
2061 1423 2248 1462 promotus,

642 1479 732 1510 infra
747 1487 872 1509 annum
890 1478 1070 1509 restituere
1087 1477 1248 1517 neglexit,
1274 1477 1362 1508 sicut
1386 1477 1418 1508 ei
1445 1485 1464 1507 a
1486 1477 1578 1516 Papa
1606 1476 1715 1508 fuerat
1742 1476 1940 1515 injunctum.
1967 1475 2017 1513 (A.
2037 1476 2087 1513 28,
2105 1475 2128 1506 f.
2146 1476 2203 1507 138
2220 1480 2250 1513 ’ς

648 1533 684 1565 V.
705 1534 755 1570 84,
774 1541 826 1572 ep.
844 1534 950 1570 2592.)

689 1584 826 1616 27800.
848 1604 885 1609 -
901 1586 994 1616 Petro
1016 1585 1053 1616 de
1070 1585 1265 1625 Sanctijaco,
1279 1593 1373 1624 perp.
1390 1593 1464 1624 cap.
1482 1584 1563 1614 eccl.
1579 1583 1848 1620 Ebredunensis,
1864 1583 2000 1614 collatio
2016 1583 2150 1622 paroch.
2170 1583 2249 1614 eccl.

644 1650 673 1672 s.
690 1641 834 1672 Joannis
850 1641 890 1671 de
904 1639 1111 1677 Mfflobosco,
1129 1639 1304 1670 Vivarien.
1321 1638 1380 1674 di.,
1396 1638 1475 1669 licet
1491 1637 1533 1668 ab
1550 1638 1617 1668 alio
1634 1639 1797 1676 occupata
1813 1637 2016 1673 detineatur,
2032 1645 2103 1668 vac.
2126 1645 2185 1676 per
2202 1645 2254 1667 as·

645 1695 853 1727 secutionem
870 1694 1006 1733 paroch.
1027 1693 1108 1724 eccl.
1126 1702 1153 1723 s.
1168 1693 1321 1724 Marcelli
1335 1692 1376 1723 de
1393 1692 1596 1728 Carraireto,
1609 1691 1741 1723 Uticen.
1759 1692 1819 1728 di.,
1837 1691 1936 1722 Petro
1952 1690 2092 1730 Augerii
2106 1698 2167 1729 per
2183 1690 2252 1721 PP.

645 1749 787 1780 collatae.
807 1765 846 1770 —
865 1749 890 1778 Ι.
906 1757 935 1778 e.
952 1756 997 1778 m.
1016 1747 1167 1778 sacristae
1188 1747 1412 1782 Avenionen.,
1429 1747 1461 1777 et
1476 1745 1612 1785 Hugoni
1626 1746 1666 1776 de
1683 1745 1898 1784 Mandagot0‚
1914 1745 2060 1783 Aquen.‚
2079 1752 2117 1774 ac
2133 1743 2253 1775 Valen-

645 1804 718 1835 tino
734 1803 775 1834 de
789 1801 980 1838 Mirabello,
998 1801 1205 1833 Nemausen.
1225 1809 1298 1831 can.
1318 1800 1399 1831 eccl.
1417 1799 1472 1840 (A.
1494 1801 1546 1835 26,
1569 1799 1590 1830 f.
1607 1801 1666 1830 517
1682 1804 1713 1835 ⁸;
1738 1798 1770 1829 V.
1792 1799 1843 1835 82,
1860 1807 1912 1837 ep.
1929 1799 2014 1836 851.)

693 1853 828 1886 27801.
849 1873 887 1879 ——
904 1855 1023 1887 Joanm'
1037 1854 1174 1886 Berardi
1187 1854 1224 1885 de
1238 1854 1340 1885 Rocca
1356 1854 1494 1885 collatio
1509 1853 1590 1884 eccl.
1606 1862 1634 1884 s.
1651 1852 1789 1884 Martini
1803 1853 1843 1883 de
1858 1852 2030 1888 Portellis,
2048 1851 2252 1891 Aquinaten.

648 1911 708 1946 di.,
728 1919 756 1941 s.
776 1919 804 1941 c.
822 1911 872 1948 (25
885 1910 959 1940 flor.
978 1909 1077 1947 auri),
1096 1917 1168 1940 vac.
1183 1917 1244 1948 per
1261 1908 1392 1939 obitum
1407 1907 1634 1939 Guillelmide
1647 1906 1756 1943 Valle,
1776 1906 1862 1937 alias
1876 1905 1956 1936 dicti
1972 1905 2012 1936 de
2028 1905 2150 1940 Rocca,
2167 1904 2256 1943 apud

648 1965 682 1997 S.
700 1966 741 1996 A.
760 1964 924 1995 defuncti.
944 1981 981 1986 -
998 1963 1023 1994 I.
1042 1971 1071 1994 e.
1094 1972 1139 1994 m.
1166 1971 1242 2002 ep.o
1271 1962 1482 1996 cassinensi,
1512 1962 1545 1992 et
1561 1961 1792 1992 Ravennaten.
1819 1969 1856 1990 ac
1885 1959 2056 1999 Figiacen.
2075 1959 2254 1989 Caturcen.

639 2018 812 2064 ⁴archid.is
830 2018 911 2049 eccl.
930 2016 984 2058 (A.
1001 2018 1051 2054 26,
1070 2017 1093 2047 f.
1109 2018 1170 2048 564
1186 2021 1218 2053 ⁸;
1241 2016 1278 2047 V.
1292 2017 1343 2053 82,
1364 2024 1416 2055 ep.
1434 2016 1520 2053 960.)

694 2069 832 2101 27802.
852 2088 892 2093 —-
907 2070 1058 2102 Roderico
1076 2070 1113 2101 de
1133 2070 1216 2100 Pina
1231 2078 1327 2110 prov.
1343 2078 1461 2100 canon.
1477 2069 1558 2100 eccl.
1576 2067 1783 2099 Conchensis
1795 2066 1858 2098 sub
1870 2075 1965 2106 exsp.
1985 2065 2086 2105 praeb.
2105 2066 2138 2096 et
2153 2073 2255 2104 praes-

650 2126 888 2162 timoniorum;
910 2134 977 2156 non
1006 2124 1092 2156 obst.
1118 2125 1152 2155 in
1173 2124 1338 2155 Toletana
1364 2124 1396 2154 et
1421 2124 1457 2154 B.
1484 2123 1529 2153 M.
1551 2121 1775 2161 portionibus,
1797 2120 1885 2151 acin
1902 2119 1975 2150 ead.
1993 2118 2155 2150 Toletana
2175 2118 2255 2149 eccl.

651 2180 886 2220 praestimonio
900 2180 941 2210 de
955 2178 1113 2210 Robredo
1132 2180 1164 2210 et
1179 2178 1219 2209 de
1237 2177 1395 2209 Chiavela
1416 2185 1454 2207 ac
1476 2177 1630 2216 portione
1656 2173 1915 2215 praestimoniali
1933 2173 1973 2204 de
1990 2172 2128 2210 Golosa,
2146 2171 2256 2203 Caesa-

653 2235 851 2274 raugustan.
868 2234 902 2264 et
920 2233 1093 2264 Toletanae
1111 2232 1170 2267 di.,
1190 2241 1228 2262 ac
1245 2240 1364 2262 canon.
1385 2231 1466 2261 eccl.
1486 2229 1646 2262 Oscensis
1668 2229 1731 2260 sub
1756 2237 1853 2267 exsp.
1877 2226 1979 2267 praeb.
2001 2243 2037 2248 —
2055 2226 2080 2257 I.
2098 2234 2126 2256 e.
2145 2234 2189 2256 m.
2207 2233 2259 2256 ar-

653 2288 741 2320 chid.
758 2288 791 2319 S.
809 2288 855 2319 M.
876 2287 916 2318 de
936 2287 1021 2318 Mari
1041 2286 1301 2322 Barchinonen„
1318 2286 1351 2315 et
1370 2285 1470 2315 Petro
1488 2284 1528 2314 de
1544 2283 1690 2317 Curi-ali,
1710 2283 1923 2318 Tirasonen.‚
1942 2289 1978 2311 ac
1995 2279 2187 2311 Raimundo
2203 2278 2256 2309 Ja-

653 2341 778 2378 nuarii,
795 2341 916 2373 Oscen.
933 2349 1005 2371 can.
1025 2340 1104 2371 cccl.
1123 2339 1177 2380 (A.
1199 2340 1250 2378 26,
1273 2339 1295 2369 f.
1313 2339 1374 2369 568
1391 2343 1420 2375 ³,
1442 2338 1478 2369 V.
1495 2338 1546 2375 82,
1566 2345 1618 2375 ep.
1637 2338 1722 2375 961.)

699 2392 835 2424 27803.
854 2411 894 2417 --
917 2393 1060 2425 Arnaldo
1077 2393 1114 2424 de
1133 2393 1268 2428 Curubis,
1287 2392 1367 2423 cler.
1388 2391 1561 2431 Urgellen.
1582 2390 1640 2424 di.,
1659 2389 1768 2430 gratia
1783 2397 1881 2428 exsp.
1901 2387 2004 2419 unius
2028 2387 2067 2418 de
2082 2396 2131 2417 xu
2149 2384 2259 2416 benef.

653 2449 903 2489 temporalibus
922 2448 1127 2487 nuncupatis
1143 2448 1175 2478 et
1194 2447 1227 2477 in
1244 2446 1325 2478 eccl.
1342 2444 1558 2477 Gerundensi
1576 2442 1805 2475 existentibus
1821 2442 1902 2483 (haec
1919 2441 2029 2472 benef.
2055 2440 2260 2475 obtinentes,

655 2503 734 2535 licet
749 2502 902 2534 canonici
919 2511 985 2533 non
1005 2503 1178 2538 vocentur,
1198 2499 1413 2540 praebendam
1429 2498 1620 2538 percipiunt
1639 2498 1671 2528 et
1688 2505 1805 2527 vocem
1823 2495 1947 2526 habent
1962 2495 1996 2525 in
2009 2493 2156 2533 capitulo
2173 2492 2261 2523 sicut

656 2557 716 2589 alii
731 2557 839 2598 ejusd.
857 2556 938 2588 eccl.
955 2545 1140 2593 canonici);
1161 2563 1227 2585 non
1244 2553 1331 2584 obst.
1353 2552 1487 2583 defectu
1504 2551 1614 2582 aetatis
1644 2552 1695 2589 (18
1713 2552 1780 2588 an.)
1811 2551 1844 2580 et
1867 2557 1963 2588 exsp.
1989 2546 2096 2578 benef.
2121 2555 2149 2577 s.
2171 2554 2198 2576 c.
2219 2545 2262 2575 ad.

657 2611 770 2643 collat.
789 2610 856 2650 ep.i
871 2609 1118 2642 Gerundensis.
1142 2626 1180 2631 —
1197 2607 1222 2638 Ι.
1245 2616 1273 2638 e.
1297 2616 1342 2638 m.
1368 2605 1495 2637 archid.
1516 2605 1549 2637 S.
1570 2604 1613 2636 M.
1633 2605 1674 2635 de
1690 2604 1776 2635 Mari
1799 2603 1833 2633 in
1857 2602 1937 2633 eccl.
1957 2600 2212 2635 Barchinonen.,
2229 2599 2262 2628 et

657 2664 851 2698 Raimundo
869 2664 909 2694 de
921 2662 1048 2694 Vilalta
1059 2671 1097 2692 ac
1108 2660 1288 2692 Vincentio
1300 2661 1340 2691 de
1352 2659 1553 2694 Palmetola,
1568 2667 1640 2689 can.
1652 2658 1732 2688 eccl.
1746 2656 1987 2688 Barchinonen.
2000 2653 2052 2692 (A.
2067 2654 2116 2690 26,
2130 2651 2151 2682 f.
2163 2650 2261 2688 568b;

663 2718 699 2750 V.
719 2719 769 2752 82,
787 2726 839 2757 ep.
858 2718 945 2755 962.)

705 2768 840 2801 27804.
861 2789 899 2794 -
915 2771 999 2811 May.
1017 2770 1136 2801 Joanm'
1156 2769 1274 2800 Garsiae
1290 2768 1326 2799 de
1346 2778 1371 2798 s.
1392 2766 1548 2803 Gerontio,
1575 2765 1674 2805 lequm
1687 2763 1814 2798 doctori,
1833 2770 1928 2802 prov.
1946 2769 2063 2792 canon.
2080 2758 2159 2790 eccl.
2178 2758 2263 2790 Con-

659 2834 815 2857 seranen.
837 2824 901 2856 sub
915 2833 1013 2864 exsp.
1033 2823 1150 2863 praeb.,
1170 2831 1230 2853 seu
1254 2821 1421 2862 portionis
1445 2830 1482 2851 ac
1501 2820 1555 2851 off.
1584 2828 1610 2849 S.
1635 2828 1681 2856 c.;
1713 2826 1779 2848 non
1806 2816 1891 2847 obst.
1921 2823 2038 2845 canon.
2057 2814 2089 2843 et
2104 2811 2209 2852 praeb.
2228 2811 2263 2841 in

660 2879 742 2911 eccl.
761 2878 952 2910 Astoricen.
969 2886 1045 2908 cum
1062 2875 1307 2917 praestimoniis
1323 2877 1355 2906 et
1382 2872 1708 2914 praestimonialibus
1730 2868 1943 2910 portionibus
1962 2868 2016 2906 (80
2033 2866 2106 2897 ssor.
2123 2864 2212 2904 auri)
2229 2864 2265 2895 in

660 2933 734 2965 ead.
751 2932 833 2964 eccl.
854 2933 886 2963 et
903 2931 949 2962 di.
969 2930 1174 2964 Astoricen.,
1195 2938 1232 2960 ac
1251 2928 1384 2968 paroch.
1407 2927 1486 2958 eccl.
1506 2927 1546 2957 de
1564 2925 1733 2962 Quilhano
1751 2932 1826 2954 cum
1845 2922 1924 2952 eccl.
1945 2921 1985 2951 de
2002 2918 2159 2951 Guiholis
2176 2919 2209 2949 et
2223 2918 2264 2949 de

660 2985 837 3018 Balbianis
854 2985 923 3024 ipsi
938 2984 1058 3020 unitis,
1075 2983 1225 3014 Electen.
1243 2982 1289 3013 di.
1306 3000 1343 3005 -
1359 2982 1386 3012 Ι.
1410 2990 1438 3012 e.
1460 2989 1504 3011 m.
1524 2978 1695 3010 Bernardo
1712 2977 1819 3007 electo
1835 2976 1981 3014 Aquen.‚
2007 2974 2040 3004 et
2061 2972 2208 3012 Augerio
2224 2971 2265 3002 de
