2540 3496
217 406 321 434 Datum
344 401 526 435 Avenione.

183 614 202 641 2
216 613 260 649 (iv
278 613 362 645 non.)
379 621 444 641 που.
465 613 556 641 1326.

277 658 308 685 T.
326 658 373 692 XI,
387 658 459 685 XIII.

328 879 363 907 Ut
383 888 407 907 s.

300 924 330 952 T.
349 924 432 951 XXII.

325 1200 362 1228 Ut
381 1208 404 1227 s.

292 1245 324 1272 T.
344 1245 439 1272 XXVI.

323 1360 359 1388 Ut
379 1368 402 1387 s.

270 1404 302 1432 T.
319 1405 365 1438 XI,
384 1405 456 1432 XIII.

212 1565 244 1594 r.
260 1565 307 1593 xn
322 1520 450 1601 ’Ἄξων
465 1567 512 1600 ¹l2-

322 1788 359 1816 Ui.
378 1797 402 1816 s.

207 1832 238 1860 Τ.
259 1832 309 1860 XII
329 1834 372 1867 ¹12,
394 1833 456 1861 XIV
474 1834 517 1868 ¹l2.

324 2108 361 2136 Ut
376 2117 400 2136 s.

268 2153 299 2180 T.
319 2153 390 2180 XXII
405 2152 453 2188 (⁰2).

318 2428 356 2457 Ut
375 2436 399 2456 s.

267 2473 298 2501 Τ.
315 2473 362 2507 xl,
376 2473 448 2500 xm.

325 2643 360 2670 Ut
374 2651 398 2670 s.

267 2687 298 2715 T.
315 2687 362 2722 XI,
378 2688 450 2716 XIII.

173 2856 194 2884 3
208 2856 255 2893 (ιιι
271 2858 354 2891 non.)
370 2865 435 2886 nov.
454 2858 536 2887 1326

266 2901 296 2929 T.
313 2902 358 2937 XI,
375 2902 447 2931 XIII.

583 315 757 346 JOANNIS
780 317 898 347 PAPAE
921 318 1022 348 XXII.
1046 321 1295 357 (wie-1334).
1319 338 1356 343 —
1380 320 1566 350 LITTERAE
1588 319 1813 351 COMMUNES

2149 323 2208 353 357

615 510 714 549 Papae
735 512 816 548 not„
835 513 867 542 et
890 520 917 541 s.
939 512 1101 552 Stephani
1120 514 1321 550 viterbien„
1346 523 1383 545 ac
1405 524 1433 545 s.
1462 515 1594 546 Nicolai
1618 516 1658 546 de
1683 515 1866 554 Sipiciano,
1884 515 2124 556 Balneoregen.
2149 517 2210 554 di.,

615 563 829 595 saecularium
847 565 927 595 eccl.
946 566 1129 604 prioribus.
1147 567 1199 605 (Α.
1216 569 1268 605 26,
1286 568 1310 598 f.
1326 569 1383 598 221
1401 573 1431 603 ¹,
1452 568 1488 598 V.
1505 569 1558 606 82,
1571 577 1623 608 ep.
1641 570 1726 606 259.)

659 613 797 645 26908.
818 635 856 640 -
876 618 1018 649 Com-ado
1036 619 1160 650 Nicolai
1175 620 1212 650 de
1229 620 1395 657 maeonis,
1409 621 1533 652 clerico
1554 624 1585 652 et
1614 622 1720 653 famil.
1735 622 1877 653 Joannis
1894 631 1921 652 s.
1940 622 2107 654 Theodori
2123 624 2210 655 diac.

614 669 717 705 card,
733 670 767 700 S.
787 670 828 701 A.
849 670 963 709 legati,
985 681 1080 711 prov.
1104 681 1222 705 canon.
1250 674 1314 705 sub
1330 683 1427 713 exsp.
1446 674 1548 714 praeb.
1567 675 1647 706 eccl.
1667 684 1694 706 s.
1725 675 1818 706 Petri
1836 675 1871 706 in
1886 676 1973 707 Foro
1994 676 2211 715 Laudunen.;

614 730 680 752 non
697 721 784 754 obst.
805 723 838 753 in
863 723 1047 755 Sibinicen.
1067 726 1098 756 et
1123 735 1152 755 s.
1169 727 1329 766 D10nysii
1351 728 1510 758 Leodien.
1527 728 1607 759 eccl.
1624 737 1741 759 canon.
1762 728 1825 759 sub
1843 736 1938 768 exsp.
1961 729 2062 768 praeb.
2083 747 2120 753 —
2137 730 2164 761 Ι.
2180 739 2210 762 e.

613 783 659 806 m.
675 783 763 815 mag.
781 776 948 808 Rainaldo
966 777 1006 808 de
1021 778 1104 808 filiis
1121 779 1213 815 Ursi,
1226 780 1353 811 archid.
1373 781 1413 811 de
1427 781 1606 820 Campinia
1622 782 1657 812 in
1675 781 1756 812 eccl.
1774 782 1947 818 Leodien„
1962 782 2062 822 Papae
2077 785 2160 819 not„
2179 785 2211 815 et

613 836 641 858 s.
661 828 811 868 Remigii
830 837 867 860 ac
886 838 914 859 s.
931 822 1092 870 Dionysii
1107 831 1249 863 Remen.
1271 835 1416 864 monast.
1434 834 1626 865 abbatibus.
1645 835 1758 871 (A.26,
1777 835 1873 866 11234
1888 840 1917 871 ⁸;
1936 835 1972 866 V.
1986 837 2036 873 82,
2054 845 2107 876 ep.
2124 838 2210 876 262.)

659 878 794 911 26909.
814 900 851 905 -—
876 882 1023 923 Archipr.
1044 884 1080 914 de
1101 884 1270 924 Capdroto,
1296 885 1454 917 Sarlaten.
1481 886 1538 924 di.,
1558 891 1585 916 et
1606 888 1726 918 cantori
1746 888 1989 928 Petraqoricen„
2015 899 2050 920 ac
2075 890 2213 921 sacrista·

612 934 803 965 Avenionen.
822 935 894 966 eccl.
913 936 1026 966 mand.
1043 939 1080 967 ut
1094 937 1264 968 Galhardo
1279 939 1319 969 de
1339 939 1558 976 castellione,
1576 941 1824 980 consanguineo
1844 941 1982 972 Galardi
1998 951 2024 973 s.
2043 943 2155 975 Luciae
2174 945 2209 975 in

611 987 713 1019 SiIIce
729 988 814 1019 diac.
832 989 937 1024 card„
955 990 1130 1021 conferant
1142 991 1276 1030 paroch.
1293 992 1375 1022 eccl.
1391 1001 1418 1023 s.
1440 993 1626 1031 Saturnini,
1645 994 1852 1025 sarlatensis
1867 994 1926 1030 di.,
1938 996 1978 1026 de
1988 995 2064 1035 Jure
2081 1006 2151 1028 vac.
2169 1006 2211 1029 ex

612 1049 652 1072 eo
675 1041 765 1081 quod
783 1042 992 1073 Bertrandus
1013 1043 1053 1074 de
1071 1044 1256 1075 Leomania
1278 1054 1344 1076 non
1370 1053 1405 1075 se
1427 1045 1544 1077 fecerit
1563 1046 1651 1077 infra
1668 1055 1793 1078 annum
1818 1049 1851 1078 in
1868 1048 1980 1087 presb.
1999 1051 2207 1089 promoveri;

613 1102 688 1126 cum
707 1095 860 1134 dispens.
878 1097 915 1126 ut
930 1104 1060 1133 canon.,
1078 1096 1180 1136 praeb.
1199 1100 1231 1129 et
1248 1099 1446 1135 cantoriam,
1465 1107 1538 1138 quae
1556 1099 1647 1139 dign.
1665 1100 1792 1137 existit,
1815 1100 1850 1131 in
1869 1101 1948 1132 eccl.
1965 1102 2140 1141 Vasaten.,
2158 1113 2210 1135 re·

611 1148 720 1179 tinere
738 1148 861 1179 valeat.
884 1148 936 1187 (A.
955 1150 1007 1186 26,
1024 1150 1046 1181 f.
1069 1151 1129 1182 240
1151 1150 1181 1186 ¹³,
1209 1150 1242 1180 V.
1260 1152 1311 1188 82,
1328 1160 1380 1191 ep.
1400 1151 1486 1191 274.)

657 1198 792 1230 26910.
810 1219 848 1224 -
867 1202 957 1232 Petro
973 1201 1065 1233 electo
1089 1202 1292 1244 Cartaqinen.
1313 1204 1456 1236 facultas
1475 1205 1661 1244 recipiendi
1686 1207 1884 1238 diaconatus
1899 1208 1932 1238 et
1951 1209 2208 1249 presbyteratus

612 1255 685 1286 ord.
703 1263 831 1286 necnon
848 1258 1033 1288 consecrat.
1052 1265 1177 1288 munus
1194 1266 1213 1288 a
1224 1266 1436 1298 quocumque
1453 1259 1612 1289 maluerit
1628 1259 1792 1291 antistite.
1803 1260 1857 1295 (A.
1876 1262 1926 1298 26,
1941 1261 1964 1292 f.
1979 1262 2039 1293 256
2056 1262 2085 1300 ¹³3
2107 1262 2141 1293 V.
2155 1265 2206 1303 82,

611 1316 664 1348 ep.
681 1309 769 1348 309.)

655 1358 795 1391 26911.
814 1379 854 1385 -
870 1361 972 1393 Paulo
988 1362 1069 1393 Mati
1084 1363 1120 1393 de
1136 1363 1297 1394 Florentia
1312 1373 1408 1404 prov.
1427 1373 1546 1395 canon.
1564 1365 1627 1395 sub
1642 1374 1736 1405 exsp.
1755 1366 1856 1405 praeb.
1872 1367 1953 1397 eccl.
1970 1367 2209 1403 viterbiensis.

611 1432 647 1437 —
665 1415 692 1446 I.
710 1424 739 1446 e.
758 1424 805 1447 m.
827 1416 934 1455 priori
954 1425 981 1448 s.
1007 1417 1101 1448 Petri
1123 1417 1295 1448 Scheradii
1321 1418 1522 1454 Florentin.‚
1541 1420 1573 1449 et
1591 1419 1716 1449 archid.
1737 1419 1978 1456 Winctonien.,
2003 1430 2040 1452 ac
2063 1423 2209 1463 archipr.

611 1468 807 1501 Vulteranae
823 1469 903 1501 eccl.
923 1470 976 1509 (A.
1000 1471 1051 1505 26,
1069 1470 1092 1501 f.
1117 1471 1176 1502 254
1195 1470 1232 1507 ¹³;
1254 1471 1289 1502 V.
1313 1472 1365 1508 82,
1387 1480 1439 1510 ep.
1459 1471 1546 1510 324.)

655 1518 792 1552 26912.
808 1539 847 1544 -
862 1521 1041 1564 Napoleoni
1066 1528 1139 1554 nato
1166 1523 1262 1556 Cintii
1283 1523 1372 1560 Talis,
1389 1525 1469 1556 cler.
1495 1525 1669 1562 Perusino,
1687 1525 1796 1565 gratia
1821 1534 1917 1566 exsp.
1939 1526 2049 1559 benef.
2067 1537 2095 1558 c.
2112 1538 2140 1559 c.
2157 1530 2210 1561 vel

610 1584 639 1608 s.
657 1585 685 1607 c.
706 1575 740 1607 in
759 1575 853 1607 civit.
871 1577 925 1608 vel
952 1577 996 1608 di.
1020 1577 1190 1615 Perusin.,
1214 1578 1256 1609 ad
1276 1578 1389 1609 collat.
1408 1578 1475 1617 ep.i
1501 1579 1533 1609 et
1558 1578 1659 1617 capit.
1684 1579 1840 1610 Perusin.
1861 1580 2000 1619 pertin.;
2028 1589 2095 1612 non
2121 1582 2208 1614 obst.

609 1629 689 1661 eccl.
717 1638 745 1660 s.
768 1639 797 1661 c.
818 1639 846 1660 s.
866 1630 984 1667 Potiti,
1005 1630 1102 1662 dictae
1126 1631 1186 1668 di.,
1212 1633 1244 1662 et
1269 1631 1402 1662 defectu
1420 1632 1530 1663 aetatis
1551 1633 1604 1670 (22
1619 1633 1686 1671 an.)
1713 1640 1815 1672 super
1841 1641 1907 1673 quo
1926 1633 2156 1673 dispensatur.
2174 1653 2213 1659 —

608 1683 636 1714 Ι.
653 1691 682 1714 e.
703 1691 748 1714 m.
770 1683 884 1714 abbati
904 1685 1048 1715 monast.
1065 1693 1093 1715 s.
1115 1685 1290 1716 Benedicti
1314 1685 1356 1716 de
1373 1685 1564 1723 petraficta,
1586 1685 1741 1716 Perusin.
1759 1686 1818 1723 di.,
1837 1686 1943 1726 priori
1961 1686 2163 1726 spoletanae,
2178 1691 2213 1721 et

609 1736 754 1776 archipr.
771 1745 798 1768 S.
816 1737 963 1768 Secundi
978 1738 1019 1769 de
1035 1737 1139 1775 Lacu,
1156 1739 1254 1770 dictae
1270 1739 1329 1774 di.,
1351 1739 1584 1770 ecclesiarum.
1599 1739 1654 1779 (A.
1672 1740 1723 1774 26,
1742 1739 1765 1770 f.
1785 1740 1844 1770 520
1857 1744 1884 1776 ὃς
1903 1739 1937 1770 V.
1950 1741 2002 1778 82,
2018 1749 2070 1781 ep.
2086 1743 2171 1781 860.)

654 1787 794 1820 26913.
810 1807 850 1814 -
866 1790 1105 1828 Bartholomaeo,
1123 1796 1197 1822 nato
1213 1791 1311 1823 Cintii
1329 1791 1417 1829 Tilis,
1435 1801 1508 1823 can.
1531 1794 1677 1823 monast.
1700 1801 1728 1824 s.
1745 1793 1927 1830 Mustiolae,
1948 1793 1986 1825 Ο.
2007 1794 2039 1825 S.
2062 1796 2114 1832 B.,
2133 1796 2211 1828 Clu-

609 1843 676 1875 sin.
693 1844 752 1883 di.,
770 1844 879 1884 gratia
896 1852 991 1884 exsp.
1015 1844 1127 1876 benef.
1148 1854 1176 1877 c.
1195 1855 1223 1876 c.
1238 1846 1306 1877 'vel
1332 1854 1360 1877 s.
1382 1855 1423 1881 c.‚
1444 1846 1579 1876 etiamsi
1605 1846 1696 1886 dign.
1715 1846 1769 1877 vel
1791 1848 1993 1885 personatus
2018 1848 2150 1886 existat,
2170 1851 2211 1881 ad

609 1906 714 1937 praep.
740 1899 772 1929 et
789 1899 976 1929 conventus
1000 1898 1152 1938 ejusdem
1171 1901 1316 1930 monast.
1343 1899 1500 1939 disposit.
1522 1899 1737 1939 pertinentis,
1763 1908 1839 1930 cum
1865 1899 2015 1939 dispens.
2035 1909 2138 1940 super
2158 1903 2211 1934 de-

609 1950 699 1982 fectu
722 1951 834 1982 aetatis
854 1960 931 1982 cum
958 1951 1004 1982 sit
1021 1958 1118 1983 iunum
1139 1961 1264 1983 annum
1289 1952 1342 1983 vel
1369 1952 1502 1983 circiter
1526 1961 1640 1992 agens.
1663 1969 1701 1974 —
1728 1953 1766 1983 In
1793 1961 1822 1984 e.
1848 1961 1893 1983 m.
1924 1952 2038 1984 abbati
2065 1957 2209 1987 monast.

609 2013 637 2035 s.
654 2005 830 2036 Benedicti
848 2005 889 2036 de
906 2005 1099 2043 Petraficta,
1119 2005 1295 2037 Perusinae
1311 2006 1370 2043 di.,
1390 2007 1423 2037 et
1446 2006 1552 2045 priori
1576 2005 1777 2045 Spoletanae,
1795 2014 1832 2037 ac
1848 2006 1994 2046 archipr.
2014 2015 2042 2038 S.
2065 2008 2211 2040 Secundi

608 2058 648 2089 de
665 2058 767 2095 Lacu,
786 2058 883 2090 dictae
899 2058 957 2094 di.,
977 2059 1211 2090 ecclesiarum.
1233 2059 1284 2096 (A.
1299 2060 1352 2095 27,
1371 2059 1393 2091 f.
1410 2060 1445 2090 81
1462 2064 1490 2096 ¹¹3
1515 2059 1550 2090 V.
1568 2060 1620 2094 83,
1637 2068 1690 2098 ep.
1709 2059 1816 2098 1252.)

653 2108 791 2141 26914.
806 2122 845 2134 ·-
860 2111 944 2152 Epa
966 2112 1142 2150 Lectoren.‚
1156 2112 1272 2143 decano
1297 2111 1526 2153 Enqolismen.,
1544 2122 1579 2142 ac
1604 2122 1703 2153 praep.
1723 2112 1881 2142 Tolosanae
1905 2112 1980 2144 eccl.
2006 2115 2118 2146 mand.
2147 2123 2209 2154 pro

606 2165 720 2196 collat.
741 2165 877 2205 paroch.
895 2165 975 2196 eccl.
995 2175 1023 2196 s.
1043 2166 1207 2201 Geminae,
1233 2167 1395 2197 Vasaten.
1419 2166 1479 2203 di.,
1499 2175 1558 2205 per
1581 2166 1817 2197 dimissionem
1836 2166 2022 2198 Gualhardi
2041 2167 2081 2198 de
2098 2168 2209 2199 Casti-

607 2218 698 2250 lione
711 2227 797 2255 vac„
811 2219 998 2250 Bertrando
1011 2219 1051 2250 de
1067 2219 1254 2251 Leomania
1268 2228 1340 2250 can.
1355 2220 1548 2254 Carnoten.,
1565 2219 1663 2250 firma
1677 2220 1871 2250 remanente
1887 2220 1996 2259 gratia
2007 2229 2102 2260 exsp.
2114 2221 2207 2261 dign.

608 2272 660 2303 vel
677 2274 881 2312 personatus
899 2281 960 2304 seu
983 2263 1038 2304 off.
1065 2282 1094 2304 c.
1113 2282 1141 2304 c.
1160 2272 1214 2304 vel
1234 2281 1261 2303 s.
1286 2282 1313 2304 c.
1337 2274 1373 2304 in
1394 2273 1474 2305 eccl.
1502 2273 1695 2307 Carnoten.,
1718 2273 1901 2304 dummodo
1924 2273 2050 2304 dictam
2071 2274 2206 2313 paroch.

606 2325 688 2357 eccl.
705 2325 867 2363 dimittat,
883 2334 959 2357 curn
977 2326 1128 2365 dispens
1145 2335 1249 2366 super
1264 2326 1396 2358 defectu
1418 2326 1594 2363 natalium,
1611 2335 1688 2357 cum
1704 2326 1748 2357 sit
1770 2326 1810 2357 de
1828 2326 1939 2358 soluto
1954 2326 2091 2366 genitus
2107 2329 2140 2359 et
2157 2336 2209 2359 so-

607 2380 688 2411 luta.
708 2378 760 2418 (A.
779 2380 831 2417 27,
850 2379 873 2410 f.
891 2381 950 2411 156
964 2384 994 2417 ·;
1018 2379 1051 2411 V.
1071 2381 1122 2417 83,
1140 2388 1193 2420 ep.
1210 2381 1316 2418 1111.)

652 2429 790 2462 26915.
809 2433 973 2464 -Joanm‘
988 2433 1024 2463 de
1038 2443 1062 2465 s.
1088 2433 1215 2463 Rikario
1230 2433 1340 2465 collat.
1357 2442 1476 2464 canon.
1492 2433 1555 2464 sub
1567 2442 1662 2472 exsp.
1679 2433 1780 2473 praeb.
1800 2433 1880 2465 eccl.
1898 2434 2026 2471 Arien.,
2040 2434 2206 2466 Morinen.

606 2486 652 2517 di.
668 2503 707 2509 —
727 2486 752 2517 1.
773 2494 802 2517 e.
823 2495 867 2518 m.
890 2486 965 2518 abb.
988 2490 1134 2518 monast.
1159 2496 1186 2518 s.
1210 2487 1347 2518 Martini
1365 2487 1408 2518 ad
1427 2487 1597 2518 Jumellos
1619 2486 1835 2524 Ambianen.,
1860 2488 1893 2518 et
1918 2495 2006 2528 mag.
2025 2488 2149 2519 Joanni
2166 2488 2207 2519 de

604 2540 771 2575 Gaissart,
797 2540 1014 2578 Ambianen.,
1041 2542 1142 2581 atque
1166 2540 1317 2572 Auberto
1342 2541 1383 2572 de
1409 2540 1642 2581 Guignicurte,
1667 2540 1885 2572 suessionen.
1913 2540 1994 2572 eccl.
2021 2541 2204 2572 canonicis.

606 2593 658 2632 (A.
676 2594 726 2630 27,
746 2593 769 2624 f.
786 2595 847 2626 253
862 2599 893 2631 ·;
917 2593 951 2626 V.
969 2595 1020 2630 83,
1038 2602 1091 2633 ep.
1112 2595 1216 2631 1733.)

651 2643 787 2676 26916.
803 2664 837 2669 -
859 2646 1027 2678 Guillermo
1042 2646 1079 2678 de
1093 2647 1275 2678 Podiocervi
1290 2656 1385 2687 prov.
1403 2656 1522 2679 canon.
1539 2646 1602 2678 sub
1616 2656 1712 2687 exsp.
1727 2647 1828 2687 praeb.
1846 2647 1959 2679 saecul.
1973 2647 2051 2678 eccl.
2070 2655 2097 2678 S.
2113 2647 2205 2678 Aviti

604 2700 768 2736 Senioris,
803 2700 970 2733 Sarlaten.
995 2701 1055 2738 di.,
1091 2710 1157 2732 non
1192 2700 1280 2732 obst.
1308 2701 1390 2732 eccl.
1418 2710 1446 2732 s.
1474 2701 1568 2732 Petri
1595 2701 1635 2732 de
1668 2700 1929 2740 Montepetroso,
1952 2700 2202 2740 petragoricen.

605 2753 665 2790 di.,
681 2763 709 2784 c.
728 2763 757 2785 c.
774 2772 810 2776 —
826 2754 852 2786 I.
874 2763 903 2786 e.
928 2763 972 2786 m.
991 2755 1031 2786 de
1059 2755 1212 2786 Cadunio
1236 2756 1269 2786 et
1296 2763 1323 2786 s.
1350 2755 1498 2786 Amandi
1515 2755 1661 2785 monast.
1680 2753 1871 2791 abbatibus,
1897 2753 2061 2785 Sarlaten.
2088 2753 2146 2792 di.,
2167 2761 2204 2784 ac

604 2807 794 2839 Guillermo
810 2807 1009 2843 Audeberti,
1025 2817 1099 2839 can.
1121 2808 1336 2840 Lemovicen.
1352 2808 1407 2848 (A.
1422 2809 1474 2846 28,
1489 2808 1512 2839 f.
1526 2809 1585 2839 328
1598 2813 1626 2844 ⁸3
1650 2807 1686 2839 V.
1704 2809 1756 2841 84.
1775 2816 1827 2847 ep.
1844 2806 1954 2845 2951.)

651 2857 786 2890 26917.
806 2878 844 2884 -
858 2860 997 2893 Giraudo
1011 2861 1047 2892 de
1070 2861 1225 2899 sabrano,
1241 2870 1332 2893 mon.
1351 2862 1551 2893 monasterii
1566 2871 1593 2892 s.
1613 2860 1763 2892 Victoris
1778 2859 2017 2897 Massiliensis,
2034 2860 2073 2892 Ο.
2099 2859 2132 2891 S.
2149 2860 2202 2896 B..

602 2914 715 2954 gratia
729 2923 825 2954 exsp.
843 2914 969 2952 benef„
986 2914 1041 2946 vel
1056 2915 1163 2954 dign,
1180 2917 1238 2946 aut
1257 2916 1472 2954 personatus,
1491 2922 1551 2945 seu
1574 2914 1756 2953 prioratus,
1782 2915 1840 2944 aut
1856 2912 2048 2943 administr.
2072 2912 2126 2943 vel
2144 2912 2199 2943 off.

604 2976 633 2998 c.
647 2976 677 2998 c.
692 2967 746 2999 vel
766 2976 792 2998 s.
811 2976 840 2999 c.
858 2967 967 3008 (2001.
982 2968 1035 3007 t.),
1055 2968 1096 2999 ad
1112 2967 1188 2999 abb.
1205 2970 1238 2999 et
1260 2977 1356 2999 conv.
1374 2967 1484 3007 ipsius
1510 2967 1707 2998 monasterii
1726 2966 1940 2997 collationem
1955 2965 2077 3005 pertIn.
2095 2974 2132 2997 ac
2156 2965 2204 3005 ip-

604 3020 679 3052 sius
696 3021 896 3052 monasterii
911 3021 1086 3052 monachis
1104 3021 1271 3061 assignari
1289 3021 1453 3052 consueti.
1472 3038 1511 3043 -
1528 3021 1554 3051 I.
1571 3029 1600 3051 e.
1618 3029 1662 3051 m.
1679 3019 1849 3051 Albarono
1862 3027 1965 3059 praep.
1984 3019 2203 3059 Carpentora-
