2540 3496
310 311 370 342 372

345 399 450 427 Datum
467 393 649 427 Avenione.

386 608 421 635 Μ
442 615 504 635 nov.
527 607 613 634 1326.

366 656 454 687 (xviii
475 652 533 678 kal.
555 651 630 683 doe.)

457 696 488 722 T.
505 695 534 722 L.

456 927 490 954 Ut
510 935 533 953 s.

423 972 454 998 Τ.
476 971 568 998 xxw.

458 1087 493 1114 Ut
514 1095 538 1114 s.

402 1133 434 1161 T.
452 1132 497 1164 XI,
515 1132 586 1160 Xlll.

383 1461 419 1488 15
439 1469 503 1488 nov.
524 1461 611 1488 1326.

372 1506 449 1542 (xvu
463 1507 521 1533 kal.
540 1506 617 1541 dec.)

401 1551 432 1578 T.
450 1551 496 1585 Xl,
513 1551 584 1578 Xlll.

453 1623 490 1650 Ut
510 1632 534 1650 s.

402 1668 432 1695 T.
451 1668 496 1701 xl,
512 1668 582 1695 xul.

411 1823 413 1825 ι
451 1785 486 1812 ct
513 1793 536 1811 s.

390 1829 420 1856 T.
439 1829 510 1862 xm,
526 1830 595 1857 XVI.

380 2321 418 2347 {6
435 2329 498 2348 nov.
518 2321 605 2348 1326.

377 2367 440 2399 (xV1
457 2366 515 2393 kal.
532 2367 607 2397 dec.)

434 2411 465 2437 T.
486 2411 543 2438 XX.

453 2482 487 2511 Ut
508 2491 532 2513 s,

402 2528 432 2555 T.
450 2528 495 2564 xi,
510 2529 581 2555 xm.

379 2645 415 2673 47
433 2653 498 2674 nov.
519 2646 607 2673 1326.

380 2691 431 2726 (xv
447 2691 507 2719 kal.
527 2691 604 2726 dee.)

418 2735 448 2762 T.
470 2736 564 2762 xxlv.

452 2807 487 2834 Ut
508 2816 531 2835 s.

432 2853 463 2880 T.
489 2852 546 2879 XX.

707 306 881 338 JOANNIS
904 305 1023 336 PAPAE
1044 304 1146 335 XXII.
1171 303 1420 344 (1316-1384).
1445 320 1484 326 —
1507 302 1694 333 LITTERAE
1716 302 1943 335 COMMUNES

741 498 773 527 et
790 496 908 531 dotati,
928 504 965 526 ac
985 495 1125 534 insuper
1147 493 1354 534 quibusdam
1380 493 1626 526 festivitatibus
1647 494 1734 526 illud
1759 494 1977 527 visitantibus
1996 495 2127 537 indulg.
2150 505 2193 528 xi.
2212 496 2344 529 dierum

741 549 911 580 concedat.
929 549 981 587 (Α.
997 550 1048 585 26,
1066 549 1088 579 f.
1105 549 1166 579 474
1182 553 1212 585 =;
1233 547 1269 579 V.
1286 548 1339 586 82,
1359 556 1413 587 ep.
1429 548 1517 586 766.)

785 599 923 632 27064.
945 620 982 624 -
1005 601 1178 641 Wolsramo
1194 610 1264 642 ep.o
1282 600 1503 642 Her-bipolensi
1520 601 1620 633 facul.
1636 601 1836 634 absolvendi
1851 602 1894 633 ab
1908 610 2039 634 excom.
2057 603 2238 635 sententiis
2252 602 2346 635 alii·-

741 665 806 696 que
827 656 934 695 poenis
951 663 1117 694 personas
1133 654 1324 686 ecclesiast.
1349 657 1382 686 et
1404 655 1518 686 saecul.
1536 663 1611 695 quae
1629 654 1802 687 Ludovico
1818 655 1860 687 de
1881 655 2029 688 Bavaria
2044 655 2128 688 olim
2144 656 2347 689 discorditer

742 710 775 740 in
796 717 907 748 regem
927 708 1159 740 Romanorum
1173 708 1292 746 electo,
1315 716 1381 739 non
1402 708 1438 739 in
1460 710 1692 748 contemptum
1709 708 1870 746 clavium,
1889 709 1950 741 sed
1964 708 2007 741 ob
2021 709 2183 742 timorem
2198 710 2348 742 tantum-

741 763 840 794 modo
853 762 1046 793 evidentem
1062 761 1277 792 ammittendi
1292 770 1457 801 personas
1469 763 1501 793 et
1515 761 1602 793 bona
1613 770 1687 798 sua,
1700 761 1926 798 adhaeserunt,
1943 771 2085 803 quaeque
2096 762 2347 795 absolutionem

740 816 1000 856 postulaverint,
1016 824 1146 847 necnon
1162 815 1386 855 dispensandi
1403 823 1478 846 cum
1496 824 1586 855 pers.
1605 815 1794 848 ecclesiast.
1811 824 1914 856 super
1929 816 2180 857 irregularitate
2196 817 2227 848 si
2244 824 2347 857 quam

740 870 789 901 sic
804 870 899 910 ligati
919 878 955 901 se
971 869 1098 900 divinis
1114 869 1338 900 immiscendo
1355 870 1609 900 contraxerunt.
1628 868 1682 908 (A.
1700 870 1751 906 26,
1770 869 1791 900 f.
1808 870 1868 902 525
1884 869 1914 906 ¹‘;
1936 869 1970 900 V.
1986 870 2039 908 82,
2052 879 2105 911 ep.
2123 871 2211 909 890.)

785 921 920 953 27065.
946 941 982 946 -
1002 922 1114 953 Eidem
1138 922 1238 953 facul.
1261 922 1399 962 petendi
1417 924 1450 954 et
1470 922 1656 963 recipiendi
1674 931 1694 954 a
1712 923 1867 963 personis
1887 923 2077 956 ecclesiast.
2096 932 2237 955 suarum
2249 923 2345 956 civit.

739 980 771 1009 et
787 977 833 1008 di.
854 977 1064 1008 moderatum
1083 975 1277 1007 subsidium
1296 975 1403 1007 semel
1419 976 1609 1014 dumtaxat,
1634 985 1694 1016 pro
1710 976 1785 1008 suis
1801 978 1834 1008 et
1849 977 1931 1008 eccl.
1954 985 2025 1009 suae
2041 977 2188 1018 negotiis
2204 978 2238 1009 et
2254 976 2348 1009 utili-
2410 990 2414 992 ·

739 1031 878 1063 tatibus.
898 1031 951 1070 (A.
968 1031 1020 1067 26,
1040 1030 1063 1061 f.
1079 1031 1140 1062 582
1155 1035 1183 1067 ·;
1206 1029 1239 1060 V.
1258 1031 1309 1066 82,
1329 1038 1381 1070 ep.
1399 1029 1487 1071 993.)

783 1082 922 1115 27066.
942 1102 974 1108 -
995 1083 1141 1115 Oudardo
1160 1083 1196 1114 de
1214 1083 1414 1115 Chambliaco
1430 1083 1543 1115 collat.
1562 1092 1681 1115 canon.
1698 1082 1763 1115 sub
1777 1092 1874 1123 exsp.
1893 1083 1997 1124 praeb.
2013 1083 2095 1116 eccl.
2107 1084 2344 1121 Aurelianen.;

742 1148 806 1170 non
825 1139 911 1170 obsi.
928 1138 962 1169 in
979 1147 1007 1170 s.
1023 1137 1150 1169 Auiani
1174 1137 1394 1169 Aurelianen.
1410 1137 1576 1168 decanatu
1592 1145 1620 1168 s.
1639 1146 1667 1168 c.
1684 1138 1718 1169 et
1733 1139 1768 1168 in
1786 1146 1813 1169 s.
1836 1137 1975 1169 Martini
1992 1138 2164 1170 Turonen.
2187 1137 2347 1179 praeposi-

739 1195 815 1224 tura
829 1193 869 1223 de
885 1193 1018 1223 Varena
1034 1201 1061 1222 s.
1083 1200 1111 1223 c.
1131 1200 1206 1231 quae
1232 1199 1292 1222 nec
1306 1191 1397 1231 dign.
1424 1200 1485 1222 nec
1500 1192 1715 1231 personatus,
1735 1191 1795 1223 sed
1811 1191 1962 1231 simplex
1976 1191 2031 1223 off.
2048 1191 2178 1229 existit,
2193 1192 2295 1232 atque
2310 1190 2348 1223 in

740 1246 861 1277 ilsdem
882 1245 1140 1277 canonicatibus
1156 1246 1189 1276 et
1214 1244 1331 1285 praeb.,
1361 1253 1491 1276 necnon
1507 1247 1540 1275 in
1557 1244 1599 1276 de
1615 1245 1761 1283 vassen,
1785 1245 2006 1277 Suessionen.
2024 1244 2085 1283 di.,
2101 1245 2182 1277 eccl.
2201 1244 2349 1286 quodam
2381 1269 2387 1274 .

739 1309 833 1340 perp.
850 1299 961 1331 benef.
980 1308 1008 1330 s.
1024 1308 1052 1330 c.
1071 1299 1235 1338 altaragio
1251 1299 1438 1339 vulgariter
1456 1300 1660 1338 nuncupato.
1674 1317 1711 1322 —
1728 1299 1756 1330 Ι.
1773 1307 1802 1330 e.
1820 1307 1864 1330 m.
1883 1307 1972 1339 mag.
1995 1298 2171 1331 Leonardo
2186 1299 2228 1331 de
2242 1298 2348 1332 Guar-

739 1354 826 1391 cino,
854 1354 1004 1385 thesaur.
1031 1353 1112 1384 eccl.
1133 1352 1332 1392 Lingonen„
1353 1354 1423 1384 not.
1441 1353 1479 1383 P.
1506 1353 1557 1390 Ρ.,
1586 1354 1618 1384 et
1641 1352 1756 1384 abbati
1781 1354 1928 1384 monast.
1954 1360 1983 1383 s.
2009 1352 2155 1391 Evurtii,
2177 1361 2215 1384 ac
2240 1352 2348 1393 priori

739 1416 768 1438 s.
784 1407 949 1438 Sonsonis
963 1406 1238 1438 Aurelianensis.
1256 1405 1310 1446 (A.
1327 1407 1379 1443 28,
1396 1406 1418 1438 f.
1434 1407 1493 1438 337
1508 1411 1537 1443 ⁸;
1558 1405 1594 1438 V.
1611 1407 1660 1442 84,
1678 1415 1731 1446 ep.
1749 1407 1855 1445 2965.)
1887 1418 1889 1421 ’

784 1458 922 1490 27067.
950 1478 988 1483 -
1011 1459 1176 1492 Guillelmo
1194 1458 1363 1495 Sembloni,
1378 1460 1459 1491 cler.
1475 1459 1650 1491 Mimaten.
1672 1459 1732 1497 di„
1749 1459 1860 1500 gratia
1878 1468 1974 1500 exsp.
1997 1459 2110 1491 benef.
2127 1459 2170 1500 (c.
2186 1468 2216 1491 c.
2230 1460 2271 1491 60
2294 1458 2348 1492 vel

740 1524 767 1546 s.
786 1524 814 1546 c.
830 1515 908 1546 401.
927 1514 968 1552 t.)
983 1514 1018 1545 in
1034 1514 1079 1545 di.
1098 1514 1272 1551 Tolosan.,
1292 1513 1414 1553 pertin.
1433 1513 1475 1544 ad
1497 1513 1610 1545 collat.
1630 1513 1792 1553 archiep.i
1817 1513 1990 1545 Tolosani.
2014 1531 2054 1536 —
2075 1513 2102 1545 1.
2124 1521 2154 1545 e.
2178 1521 2224 1545 m.
2246 1514 2284 1544 ut
2303 1521 2348 1551 8.,

742 1579 773 1600 n.
790 1571 902 1601 27047.
920 1569 972 1608 (Α.
988 1569 1039 1605 26,
1056 1568 1079 1598 f.
1095 1569 1155 1599 296
1173 1567 1202 1605 ¹³3
1227 1567 1262 1599 V.
1283 1569 1335 1604 82,
1355 1575 1407 1607 ep.
1426 1567 1513 1606 381.)

785 1620 920 1652 27068.
941 1640 979 1645 —-
999 1622 1120 1652 Decano
1138 1621 1285 1663 Burqen„
1304 1626 1332 1652 et
1351 1620 1469 1652 archid.
1490 1620 1669 1657 Between„
1688 1631 1722 1651 ac
1737 1620 1871 1662 officiali
1887 1620 2047 1652 Tolosanae
2060 1621 2135 1652 eccl.
2157 1621 2270 1653 mand.
2286 1629 2350 1662 pro

740 1677 930 1717 receptione
952 1676 1119 1708 Bernardi
1139 1676 1180 1706 de
1206 1676 1344 1713 Roseto,
1370 1675 1452 1706 cler.
1474 1675 1693 1707 Caturcensis
1711 1675 1774 1711 di..
1796 1675 1831 1706 in
1855 1683 1928 1706 can.
1950 1674 2131 1707 moxdictae
2149 1675 2230 1707 eccl.
2248 1673 2350 1707 Tolo-

740 1740 840 1762 sanae.
870 1730 925 1770 (A.
939 1732 989 1767 26,
1005 1730 1027 1760 f.
1043 1730 1103 1761 303
1119 1734 1149 1766 *ς
1171 1729 1206 1761 V.
1229 1730 1281 1767 82,
1299 1738 1352 1769 ep.
1368 1728 1456 1769 392.)

784 1782 922 1814 27069.
941 1802 977 1806 -
995 1783 1224 1815 confirmatur
1241 1782 1409 1814 sententia
1429 1791 1448 1813 a
1470 1790 1558 1822 mag.
1577 1781 1729 1814 Oliverio
1747 1782 1789 1813 de
1805 1782 1958 1819 Cerzeto‚
1978 1790 2051 1822 cap.
2070 1782 2109 1813 P.
2123 1782 2162 1813 P.
2181 1783 2215 1813 et
2231 1790 2352 1814 caust-

739 1847 813 1869 rum
843 1839 951 1878 apost.
975 1837 1093 1877 palatii
1111 1836 1276 1872 auditore.
1304 1836 1345 1867 de
1364 1835 1506 1876 speciali
1529 1836 1689 1867 mandato
1712 1836 1812 1875 Papae
1828 1835 1898 1867 lata
1918 1844 1980 1876 pro
1997 1835 2156 1867 Albarono
2173 1835 2212 1867 de
2225 1835 2348 1875 Larcio,

739 1893 869 1923 rectore
889 1901 916 1922 s.
938 1890 1081 1922 Joannis
1098 1890 1138 1921 de
1154 1889 1316 1921 Abrentis
1332 1890 1365 1920 et
1382 1897 1410 1919 s.
1430 1889 1591 1929 Eugeniae
1609 1889 1650 1920 de
1669 1888 1900 1929 campolongo
1918 1897 2023 1929 prope
2038 1889 2174 1921 caunas
2189 1898 2227 1922 ac
2242 1898 2270 1922 s.
2284 1889 2348 1922 Ju-

739 1945 819 1976 liani
836 1945 877 1976 de
892 1944 1048 1977 Offreriis
1063 1943 1228 1975 ruralium
1246 1943 1326 1974 eccl.
1345 1943 1386 1973 ad
1400 1942 1547 1974 invicem
1561 1942 1721 1974 canonice
1738 1942 1924 1980 unitarum,
1941 1942 2178 1981 Narbonensis
2194 1943 2255 1979 di.‚
2269 1951 2349 1976 eon-

737 2002 790 2030 tra
810 2000 947 2030 Petrum
967 1998 1008 2029 de
1027 1998 1199 2032 Narbona,
1220 1997 1300 2028 cler.
1326 1996 1597 2031 Narbonensem,
1621 2004 1724 2036 super
1746 1996 1924 2028 validitate
1941 1996 2137 2028 collationis
2151 1997 2349 2029 earumdem

737 2053 817 2084 eccl.
844 2061 904 2092 per
921 2052 1051 2083 obitum
1077 2051 1171 2082 Petri
1196 2050 1394 2091 Raymundi
1412 2050 1452 2081 de
1470 2049 1708 2089 Montebrun0‚
1726 2049 1761 2081 S.
1779 2051 1820 2082 A.
1845 2058 1932 2090 cap„
1957 2050 2049 2090 apud
2063 2050 2219 2082 eamdem
2233 2050 2350 2083 sedem

738 2107 943 2142 vacantium,
969 2105 1011 2136 ab
1033 2105 1152 2136 eodem
1177 2105 1270 2144 Papa
1296 2104 1391 2136 factae
1416 2103 1531 2134 favore
1554 2103 1636 2135 dicti
1660 2103 1845 2141 Albaroni3
1869 2104 2029 2143 praefatas
2049 2105 2162 2136 autem
2187 2103 2349 2136 ecclesias

739 2161 862 2192 Petrus
880 2160 921 2191 de
943 2159 1104 2191 Narbona
1122 2158 1300 2198 occupavit
1322 2158 1489 2198 praetextu
1513 2157 1630 2197 gratiae
1655 2166 1752 2197 exsp.
1770 2174 1809 2180 —
1827 2158 1854 2188 I.
1878 2166 1907 2189 e.
1927 2166 1973 2189 m.
1991 2159 2138 2190 monast.
2153 2158 2194 2190 de
2207 2157 2347 2196 Caunis,

737 2214 931 2246 Narbonen.
947 2214 1008 2251 di„
1026 2215 1058 2244 et
1077 2212 1191 2244 saecul.
1209 2221 1236 2243 s.
1257 2211 1435 2244 Affrodisii
1449 2210 1643 2249 abbatibus,
1661 2219 1699 2242 ac
1714 2211 1865 2243 sacristae
1883 2211 2025 2251 majoris
2041 2211 2250 2244 Biterrensis
2263 2211 2347 2245 eccl.

738 2268 792 2305 (A.
811 2269 861 2303 26,
882 2268 905 2298 f.
920 2269 980 2298 318
998 2273 1027 2304 ⁸;
1051 2266 1083 2297 V.
1101 2268 1153 2304 82,
1171 2275 1223 2306 ep.
1240 2267 1326 2304 420.)
2136 2276 2138 2278 ·

783 2319 920 2351 27070,
940 2340 978 2344 -
995 2321 1099 2362 Praep.
1120 2319 1329 2357 Lumberien.‚
1355 2324 1384 2349 ec
1405 2318 1527 2350 archid.
1550 2318 1675 2355 Riven.,
1694 2328 1730 2349 ac
1748 2318 1864 2350 Busolo
1884 2318 1922 2349 de
1936 2319 2066 2355 Parma,
2088 2329 2156 2350 can.
2176 2318 2348 2351 Tor-nacon.

737 2375 825 2411 eccl..
839 2375 952 2406 mand.
972 2383 1032 2414 pro
1050 2374 1242 2413 receptione
1264 2373 1429 2404 Bernardi
1449 2373 1490 2404 de
1512 2372 1698 2409 Gordonio,
1717 2372 1797 2404 cler.
1816 2372 1995 2404 Caturcen.
2013 2372 2074 2410 di.,
2091 2372 2127 2404 in
2144 2373 2225 2405 eccl.
2247 2372 2349 2405 Tolo-

737 2438 830 2462 sana,
849 2429 889 2460 O.
905 2429 938 2460 S.
956 2429 997 2459 A.
1014 2428 1066 2464 (A.
1082 2429 1133 2464 26,
1144 2427 1167 2458 f.
1183 2428 1243 2458 297
1259 2426 1288 2464 ὓ,
1312 2426 1348 2457 V.
1365 2427 1417 2463 82,
1434 2435 1487 2466 ep.
1503 2426 1591 2465 390.)

783 2480 921 2512 27071.
950 2499 989 2504 -
1014 2477 1131 2513 ,Ιοὰηνιί
1146 2482 1253 2522 Sperae
1275 2480 1310 2510 de
1337 2481 1492 2516 Lauraco,
1518 2479 1598 2510 cler.
1622 2479 1883 2519 Mirapiscensis
1902 2479 1963 2515 di..
1987 2479 2098 2520 gratia
2115 2488 2211 2520 exsp.
2235 2479 2348 2512 benef.

737 2539 778 2578 (c.
794 2546 821 2568 c.
841 2538 881 2568 80
898 2536 951 2568 vel
969 2545 996 2567 s.
1015 2545 1044 2566 c.
1071 2537 1111 2566 40
1128 2535 1151 2566 l.
1168 2536 1206 2573 t.)
1230 2535 1264 2566 in
1281 2534 1374 2566 civit.
1393 2534 1447 2565 vel
1471 2533 1517 2564 di.
1536 2532 1711 2570 Tolosan.,
1734 2533 1858 2573 pertin.
1875 2533 1918 2564 ad
1935 2533 2048 2565 collat.
2071 2533 2348 2574 archiep.i'1'olo-

737 2591 823 2622 sani.
841 2591 917 2622 ——1.
931 2599 960 2622 e.
978 2598 1023 2621 m.
1044 2590 1081 2620 ut
1100 2598 1141 2626 s.,
1161 2598 1192 2620 n.
1209 2590 1323 2620 27047.
1342 2587 1394 2626 (A.
1410 2589 1463 2624 26,
1481 2587 1503 2618 f.
1520 2588 1580 2618 298
1594 2591 1623 2622 ²5
1652 2586 1682 2618 V.
1699 2587 1750 2624 82,
1769 2595 1822 2627 ep.
1838 2588 1926 2627 397.)

782 2642 921 2675 27072.
939 2662 976 2666 —
992 2644 1086 2674 Petro
1104 2642 1141 2673 de
1157 2642 1272 2673 Albino
1288 2641 1326 2672 de
1349 2652 1374 2673 s.
1394 2642 1516 2678 Severo,
1534 2640 1627 2671 militi
1643 2640 1809 2672 Civitalen.
1825 2640 1882 2678 di..
1900 2640 2024 2672 indult.
2041 2642 2077 2673 ut
2089 2640 2265 2673 confessor
2279 2641 2348 2682 ipsi

737 2699 843 2730 semel
864 2700 978 2729 tamen
995 2698 1029 2728 in
1045 2697 1166 2728 mortis
1182 2696 1327 2727 articulo
1342 2696 1478 2735 plenam
1502 2703 1643 2726 suorum
1662 2696 1878 2734 peccatorum
1899 2694 2141 2727 remissionem
2165 2695 2348 2728 concedere

736 2752 859 2783 valeat.
878 2753 930 2791 (A.
950 2753 1002 2788 26,
1019 2751 1041 2782 f.
1058 2752 1116 2781 251
1136 2755 1164 2787 ·;
1189 2750 1225 2781 V.
1240 2751 1292 2786 82,
1307 2758 1360 2789 ep.
1377 2748 1464 2788 293.)

782 2803 918 2835 27073.
936 2823 974 2828 --
991 2804 1141 2844 Archipr.
1155 2803 1255 2844 plebis
1271 2803 1306 2834 S.
1322 2803 1364 2834 M.
1380 2802 1417 2833 de
1430 2802 1585 2842 Confinio,
1605 2801 1751 2832 Per-usin.
1767 2801 1823 2839 di„
1841 2807 1868 2832 ec
1878 2801 1999 2833 Joarmi
2012 2801 2194 2839 Bennenuff,
2209 2801 2347 2840 Antia..

735 2864 763 2890 et
777 2859 908 2890 Andreae
925 2858 1095 2894 Βενηανάὶ,
1119 2857 1240 2889 Clusin.
1257 2867 1326 2887 can.
1343 2855 1430 2892 eccl..
1448 2856 1560 2887 mand.
1585 2864 1646 2896 pro
1664 2856 1857 2895 receptione
1873 2855 1968 2887 Petri
1981 2855 2115 2887 Ferroli
2130 2855 2213 2887 dicti
2229 2855 2347 2894 cintii,

736 2914 816 2945 cler.
840 2913 1014 2950 Perusini,
1040 2912 1075 2943 in
1093 2912 1193 2943 domo
1214 2910 1385 2951 sepulchri
1399 2909 1561 2941 dominici
1577 2909 1862 2947 Jerosolimitani,
1885 2909 1924 2942 Ο.
1945 2909 1981 2942 S.
1998 2909 2039 2941 A.
2053 2909 2109 2950 (A.
2125 2910 2176 2947 26,
2197 2909 2220 2941 f.
2235 2910 2295 2941 266
2311 2908 2343 2948 ὓς

741 2967 777 2999 V.
793 2968 844 3005 82,
861 2976 913 3007 ep.
931 2967 1017 3005 374.)
