2540 3496
190 404 295 431 Datum
325 398 511 432 Avenione.

177 507 215 534 42
230 509 264 542 (ιι
282 507 333 538 id.)
351 514 415 534 nov.
436 506 526 534 1325.

276 551 306 578 Τ.
327 551 422 578 XXIV.

196 720 234 748 13
252 719 316 755 (id.)
334 727 398 747 nov.
416 718 504 747 1325.

296 765 326 792 T.
348 764 404 792 XX.

311 1202 346 1230 Ut
362 1210 386 1229 s.

267 1247 301 1276 T.
322 1246 421 1275 XXIII.

307 1470 344 1498 Ut
364 1478 388 1498 s.

295 1515 326 1543 T.
344 1515 400 1542 XX.

311 1685 348 1713 Ut
363 1694 387 1714 S.

277 1731 307 1758 T.
327 1730 423 1758 XXIV.

308 1847 344 1875 Ut
364 1855 389 1875 ε.

250 1893 282 1920 Τ.
304 1892 350 1924 XI,
373 1891 445 1919 XIII.

313 2007 350 2036 Ut
371 2016 395 2035 s.

256 2053 287 2080 T.
305 2053 351 2087 XI,
371 2053 442 2080 XIII.

314 2170 351 2198 Ut
369 2179 393 2199 s.

278 2215 310 2245 T.
327 2215 423 2243 XXVI.

312 2491 349 2520 Ut
366 2500 391 2519 s.

296 2536 328 2564 T.
347 2535 406 2564 XX.

565 311 740 342 JOANNIS
764 311 883 342 PAPAE
905 312 1008 342 XXII.
1034 313 1284 351 (1316-1334).
1308 331 1346 336 -—
1370 313 1558 343 LITTERAE
1582 312 1809 343 COMMUNES
2171 316 2209 344 41

643 502 779 535 23780.
800 525 836 529 -
854 506 1029 548 Napoleoni
1050 506 1144 538 electo
1160 507 1403 547 Montisreqalis‚
1422 507 1521 545 diac„
1539 507 1734 547 indulgetur
1749 506 1879 538 consid.
1900 506 2044 538 Joannis
2061 515 2091 538 s.
2108 507 2216 539 Theo·

597 559 670 590 dori
692 560 778 590 dIac.
798 560 889 591 card.
907 563 942 591 ut
967 561 1002 591 in
1023 570 1057 592 iv
1073 561 1228 601 proxime
1247 561 1373 592 futuris
1397 561 1436 592 de
1455 569 1572 592 mense
1592 560 1783 592 decembris
1798 562 1831 591 et
1853 560 1888 591 in
1904 560 1984 591 aliis
1998 569 2031 591 1v
2046 562 2211 600 tempori-

595 612 660 644 bus
676 616 753 652 post
767 614 827 644 illa
843 615 999 653 proxime
1016 614 1239 654 sequentibus
1256 624 1322 646 non
1339 617 1496 646 teneatur
1511 614 1546 645 in
1563 613 1676 654 presb.
1692 623 1728 645 se
1746 614 1856 645 facere
1874 614 2081 654 promoveri.
2092 614 2145 654 (A.
2157 616 2209 653 25,

596 666 620 697 f.
638 668 678 698 40
701 666 730 703 b;
759 667 795 698 V.
811 669 862 705 81,
879 677 930 707 ep.
953 669 1058 706 1597.)

643 717 779 750 23781.
798 739 835 743 —
851 720 930 752 Abb.
949 722 1129 752 monasterii
1142 721 1290 759 Casaedei,
1308 726 1336 752 et
1348 722 1454 763 priori
1471 722 1506 752 de
1519 721 1689 752 Labaiczssa
1701 730 1844 762 acpraep.
1855 720 1928 752 eccl.
1945 720 2120 757 Brivaten.,
2138 720 2164 752 C
2166 719 2210 750 la-

597 778 770 803 romonten.
790 779 818 804 et
835 784 859 805 s.
877 774 965 805 Flori
983 774 1039 812 di„
1057 775 1171 806 mand.
1193 777 1230 807 ut
1250 777 1408 807 revocent
1422 784 1542 806 omnes
1558 784 1689 807 excom.
1708 777 1741 806 et
1754 775 1928 806 interdicti
1944 774 2133 806 sententias
2149 782 2210 813 per

596 827 809 864 Durandum,
830 837 944 867 ep.um
970 828 1138 863 Anicien.,
1158 830 1191 859 et
1211 828 1390 866 Jacobum,
1412 829 1523 868 ipsius
1547 828 1742 866 officialem,
1766 830 1884 859 contra
1900 828 2066 868 quosdam
2083 836 2159 859 can.
2176 828 2209 859 et

597 879 677 911 cler.
695 880 850 911 Anicien.
870 890 907 911 ac
932 881 1120 912 familiares
1143 890 1262 912 eorum
1284 891 1414 913 necnon
1437 882 1580 913 donatos
1600 882 1782 921 hospitalis
1803 883 1840 914 B.
1861 882 1907 913 M.
1926 882 2096 919 Anicien.,
2120 881 2210 912 fictis

596 933 723 970 causis,
740 934 903 973 prolatas,
924 943 1000 965 cum
1017 934 1062 965 lis
1078 937 1169 966 esset
1188 935 1277 966 inter
1299 944 1412 974 ep.um
1431 938 1463 966 et
1486 936 1587 974 capit.
1606 935 1761 966 Anicien.
1777 945 1881 975 super
1897 935 2094 967 omnimoda
2104 935 2208 975 juris-

596 987 744 1017 dictione
770 987 1011 1018 canonicorum
1028 987 1135 1018 famil.
1158 989 1191 1018 et
1214 989 1417 1019 donatorum
1434 989 1587 1019 eorumd.
1613 992 1728 1028 (quam
1753 989 1942 1029 capitulum
1960 989 2001 1020 de
2019 989 2161 1029 antiqua
2176 990 2210 1020 et

595 1040 793 1079 praescripta
807 1041 1052 1072 consuetudine
1067 1043 1224 1072 asserunt
1239 1050 1275 1072 se
1290 1041 1426 1080 habere)
1443 1051 1480 1072 ac
1497 1050 1600 1081 super
1615 1043 1762 1081 quodam
1777 1043 2025 1082 compromisso
2042 1042 2130 1074 facto
2139 1043 2210 1074 tam

595 1102 699 1133 super
718 1093 891 1133 praedictis
914 1103 1015 1133 quam
1033 1103 1136 1134 super
1162 1095 1310 1134 quodam
1332 1095 1528 1134 juramento
1545 1095 1648 1126 solito
1665 1096 1820 1135 praestari
1835 1105 1895 1135 per
1911 1096 2023 1127 eumd.
2043 1105 2158 1136 ep.um
2174 1096 2211 1127 in

595 1155 659 1178 sua
672 1147 822 1178 novitate
839 1147 989 1187 capitulo
1008 1149 1219 1179 memoratis.
1237 1148 1290 1184 (A.
1312 1150 1383 1186 124,
1405 1148 1428 1179 f.
1447 1150 1502 1180 191
1523 1153 1551 1184 ⁸3
1575 1148 1608 1179 V.
1621 1150 1673 1185 80,
1689 1158 1743 1188 ep.
1759 1150 1845 1189 241.)

641 1197 778 1230 23782.
794 1218 833 1224 —
849 1201 1019 1242 Archiep.o
1041 1201 1188 1232 Toletano
1209 1203 1323 1234 mand.
1340 1204 1378 1233 ut
1404 1202 1520 1233 audiat
1536 1204 1569 1233 et
1587 1202 1701 1233 debito
1726 1203 1792 1234 fine
1811 1203 1944 1234 decidat
1966 1212 2106 1234 causam
2121 1204 2211 1235 inter

595 1263 628 1285 n.
645 1263 689 1285 m.
706 1254 898 1286 Yolandam
918 1256 1031 1286 natam
1048 1255 1089 1286 cl.
1107 1263 1172 1287 me.
1188 1256 1303 1287 Sancii
1319 1255 1410 1296 regis
1425 1255 1584 1287 Castellae
1599 1257 1632 1287 et
1645 1256 1816 1296 LegioniS,
1834 1256 1973 1287 viduam
1988 1257 2114 1296 quond.
2130 1257 2210 1288 Fer-

596 1308 700 1339 nandi
723 1308 883 1340 Roderici
909 1309 949 1341 de
973 1309 1106 1346 Castro,
1129 1311 1161 1341 et
1184 1318 1300 1350 ep.um
1327 1309 1510 1346 Oxonien„
1532 1309 1784 1350 suffraganeum
1805 1318 1919 1347 suum,
1946 1310 2005 1349 qui
2032 1310 2146 1342 locum
2170 1311 2211 1343 de

594 1362 719 1399 Uzero,
738 1362 907 1394 oxonien.
926 1362 986 1399 di..
1001 1364 1210 1403 spectantem
1229 1363 1271 1394 ad
1289 1363 1415 1395 dictam
1431 1363 1624 1395 Yolandam
1640 1372 1683 1394 ex
1700 1363 1917 1395 successione
1933 1364 2099 1402 materna,
2114 1373 2211 1396 occu-

594 1417 711 1456 patum
730 1416 871 1448 detinet.
888 1416 942 1456 (A.
962 1418 1014 1451 24,
1034 1417 1056 1448 f.
1076 1418 1138 1448 204
1157 1417 1186 1453 b;
1209 1416 1240 1447 V.
1262 1418 1313 1454 80,
1332 1426 1384 1457 ep.
1402 1418 1488 1456 256.)

643 1467 777 1499 23783.
797 1488 835 1492 -
849 1469 926 1502 Eid.
945 1471 1060 1502 mand.
1078 1472 1115 1502 ut
1131 1471 1301 1511 praedictae
1309 1471 1485 1508 Yolandae‚
1499 1479 1573 1511 quae
1589 1471 1662 1503 dies
1677 1479 1758 1502 suos
1770 1471 1806 1502 in
1822 1471 1953 1502 ordinis
1970 1471 2104 1503 militiae
2115 1480 2143 1502 s.
2155 1472 2209 1503 Ja-

596 1524 672 1556 cobi
697 1524 862 1565 religione
882 1525 980 1555 finire
1005 1525 1189 1564 disposuit,
1215 1525 1244 1556 si
1268 1525 1432 1556 mulieres
1450 1525 1486 1556 in
1509 1533 1646 1556 sorores
1667 1526 1918 1556 consueverunt
1942 1525 2050 1564 recipi
2076 1525 2112 1556 in
2138 1526 2210 1558 ord.

597 1578 805 1618 supradicto,
823 1580 856 1609 et
882 1578 911 1609 si
936 1579 998 1609 hoc
1019 1579 1144 1610 viderit
1167 1578 1340 1619 expedire,
1359 1579 1468 1618 ejusd.
1492 1579 1672 1620 religionis
1690 1578 1844 1610 habitum
1865 1579 2001 1610 studeat
2027 1578 2210 1619 impertiri.

597 1632 649 1672 (A.
667 1633 720 1667 24,
739 1632 760 1663 f.
780 1633 841 1663 204
856 1631 885 1668 b3
909 1632 944 1663 V.
962 1634 1014 1669 80,
1033 1641 1087 1672 ep.
1103 1633 1189 1671 257.)

643 1683 779 1715 23784.
806 1703 844 1708 -
870 1685 1031 1716 Praedictae
1059 1685 1206 1717 Yolandae
1234 1686 1356 1717 indult.
1380 1687 1418 1717 ut
1445 1686 1621 1718 confessor
1646 1687 1753 1718 semel
1778 1687 1846 1726 ipsi
1871 1687 2003 1718 tantum
2029 1686 2064 1718 in
2090 1687 2214 1718 mortis

597 1740 741 1771 articulo
757 1739 894 1779 plenam
915 1742 1133 1779 peccatorum
1157 1749 1301 1772 suorum
1325 1740 1567 1772 remissionem
1583 1741 1767 1771 concedere
1785 1740 1908 1771 valeat.
1929 1740 1980 1781 (A.
1995 1741 2048 1777 24,
2065 1740 2088 1771 f.
2103 1741 2165 1772 204
2179 1740 2212 1776 b;

604 1793 637 1825 V.
656 1795 709 1828 80,
724 1803 776 1833 ep.
793 1794 881 1834 258.)

641 1845 780 1877 23785.
798 1864 836 1869 —
854 1848 969 1879 Jacobo
991 1851 1065 1878 nato
1089 1847 1223 1879 Jordani
1247 1847 1325 1878 Zum
1345 1847 1517 1889 Geylnhuse
1539 1856 1634 1887 prOV.
1654 1856 1774 1879 canon.
1800 1847 1864 1878 sub
1891 1856 1988 1887 exsp.
2006 1847 2110 1887 praeb.
2129 1848 2211 1879 eccl.

597 1902 817 1941 Maguntinae.
841 1918 879 1923 —
896 1902 920 1933 Ι.
939 1911 968 1932 e.
990 1910 1036 1933 m.
1053 1901 1226 1942 archiep.0
1249 1901 1481 1941 Ebredunen„
1498 1903 1531 1933 et
1553 1911 1656 1942 praep.
1680 1901 1859 1942 Pinguem,
1885 1902 2074 1942 Maguntin.
2098 1901 2159 1938 di„
2176 1910 2215 1933 ac

597 1955 727 1986 cantori
747 1964 775 1986 s.
792 1956 885 1986 Petri
902 1964 1005 1995 prope
1022 1964 1139 1987 muros
1157 1955 1345 1996 Maguntin.
1364 1954 1447 1987 eccl.
1466 1956 1522 1992 (A.
1540 1957 1592 1991 24,
1613 1956 1636 1986 f.
1655 1956 1716 1987 204
1732 1955 1762 1993 ¹³5
1787 1955 1819 1987 V.
1838 1957 1890 1991 80,
1910 1964 1962 1995 ep.
1980 1956 2068 1994 259.)

643 2006 782 2038 23786.
801 2027 840 2032 --
854 2009 1000 2040 sibotoni
1019 2013 1093 2040 nato
1111 2009 1271 2041 Sibotonis
1295 2009 1332 2040 de
1352 2009 1516 2050 Doyslzeim
1532 2009 1660 2040 similis
1676 2009 1786 2050 gratia
1801 2009 1836 2040 in
1854 2009 1936 2041 eccl.
1952 2018 1980 2040 s.
1997 2009 2090 2040 Petri
2108 2017 2214 2048 prope

598 2072 715 2094 muros
729 2063 917 2103 Maguntin.
939 2081 976 2086 -—
989 2064 1015 2095 I.
1034 2072 1063 2095 e.
1082 2072 1128 2094 m.
1149 2063 1321 2104 archiepo
1339 2066 1372 2094 et
1386 2072 1490 2103 praep.
1507 2063 1726 2103 supradictis,
1745 2071 1783 2094 ac
1799 2063 1929 2094 cantori
1947 2071 1975 2094 s.
1994 2062 2146 2094 Victoris
2157 2071 2212 2093 ex-

597 2119 651 2148 tra
667 2126 785 2148 muros
803 2117 991 2156 Maguntin.
1010 2117 1091 2148 eccl.
1110 2117 1165 2157 (A.
1186 2117 1236 2154 24,
1259 2117 1282 2147 f.
1298 2118 1359 2148 205
1375 2122 1404 2153 ³;
1428 2116 1462 2147 V.
1474 2118 1527 2154 80,
1543 2126 1595 2156 ep.
1611 2117 1698 2156 260.)

644 2168 780 2199 23787.
800 2189 837 2193 -
852 2171 1024 2211 Arckiep.o
1041 2171 1225 2212 Maquntino
1250 2171 1476 2202 committitur
1491 2171 1527 2201 ut
1551 2171 1739 2202 Jordanum
1756 2170 1885 2202 dictum
1900 2171 1985 2201 Zum
2002 2169 2214 2210 Geylnhuse,

599 2225 708 2256 clvem
725 2225 928 2264 Maguntin.,
944 2224 1099 2256 absolvat
1115 2224 1156 2255 ab
1173 2233 1304 2256 excom.
1320 2225 1489 2256 sententia
1504 2226 1536 2255 et
1553 2224 1631 2255 aliis
1650 2224 1771 2264 poeniS,
1786 2224 1886 2264 Juxta
1899 2225 2066 2255 statutum
2082 2223 2166 2254 olim
2180 2223 2217 2254 in

599 2279 802 2318 provinciali
822 2278 967 2310 concilio
983 2278 1182 2319 Maguntino
1202 2279 1333 2310 editum
1350 2280 1383 2309 et
1395 2287 1456 2318 per
1470 2278 1504 2309 S.
1522 2279 1564 2309 A.
1578 2278 1830 2317 confirmatum,
1844 2278 1993 2309 incursis
2006 2278 2087 2318 quia
2100 2277 2217 2309 Fride-

599 2332 707 2363 ricum
733 2332 861 2363 dictum
881 2333 980 2370 Base,
1001 2333 1166 2363 decanum
1187 2332 1268 2363 eccl.
1285 2332 1319 2364 S.
1338 2333 1383 2363 M.
1399 2332 1441 2364 ad
1458 2332 1594 2364 Gradus
1620 2332 1822 2372 Maguntin.,
1840 2332 2009 2363 violenter
2028 2331 2092 2362 sub
2115 2331 2216 2362 modo

599 2386 769 2426 captionis
799 2394 916 2417 secum
939 2386 1037 2417 duxit
1061 2386 1226 2423 invitum;
1249 2394 1327 2417 cum
1349 2385 1437 2425 ipse,
1454 2387 1492 2416 ut
1510 2385 1647 2422 asserit,
1671 2394 1775 2425 super
1794 2385 1985 2426 praemissis
2009 2384 2216 2416 satisfecerit

600 2441 842 2480 competenter.
860 2440 913 2480 (A.
933 2441 985 2477 24,
1001 2439 1024 2470 f.
1040 2441 1099 2471 203
1110 2445 1138 2476 ³;
1161 2439 1196 2471 V.
1218 2441 1270 2478 80,
1291 2448 1343 2479 ep.
1364 2441 1448 2477 263.)

644 2491 784 2523 23788.
803 2512 842 2516 —
859 2493 1040 2525 Guillelmus
1057 2493 1094 2524 de
1108 2493 1254 2534 Swssac,
1277 2503 1345 2524 can.
1362 2493 1519 2530 Anicien.,
1534 2492 1592 2533 qui
1615 2501 1634 2523 a
1658 2493 1784 2532 quond.
1800 2492 1930 2523 Joanne
1947 2492 1988 2523 de
2014 2493 2215 2529 Reseneort,

600 2547 728 2579 vicario
746 2547 838 2588 regio
855 2547 1078 2585 Nemausen.‚
1095 2548 1184 2587 apud
1197 2547 1358 2578 Anicium
1375 2547 1416 2578 de
1427 2546 1734 2578 mand.senescalli
1749 2545 1934 2578 Bellicadri
1951 2546 2071 2585 captus
2085 2546 2129 2583 et,
2143 2545 2218 2576 suis

601 2601 701 2632 bonis
717 2601 862 2639 saisitis
881 2602 971 2641 apud
991 2601 1151 2633 Alestum
1170 2601 1292 2632 ductus
1310 2601 1387 2638 fuit,
1407 2602 1440 2632 et
1456 2601 1493 2631 in
1509 2599 1669 2640 pluribus
1686 2599 1880 2632 carceribus
1896 2599 2067 2637 detentus,
2084 2608 2122 2630 ac
2139 2599 2218 2638 post

601 2655 742 2686 idoneas
758 2655 934 2686 cautiones
948 2663 1057 2695 usque
1071 2655 1114 2686 ad
1129 2656 1209 2687 3000
1227 2654 1354 2686 march.
1370 2663 1441 2694 arg.
1458 2654 1499 2685 de
1516 2654 1695 2685 servandis
1713 2653 1907 2685 carceribus
1923 2654 1956 2684 et
1973 2652 2117 2684 arrestis
2130 2660 2217 2692 prae-

602 2708 704 2740 dictis
719 2709 902 2749 praestitas,
918 2709 993 2749 ipso
1008 2709 1158 2740 instante
1175 2711 1213 2740 ut
1231 2709 1273 2740 ad
1295 2708 1436 2748 capituli
1452 2708 1607 2740 Anicien.
1627 2716 1783 2743 examen,
1800 2715 1886 2748 quos
1903 2706 2037 2738 dicebat
2051 2706 2086 2737 in
2101 2705 2217 2745 ipsum

597 2762 875 2802 jurisdictionem
895 2763 1104 2794 ordinariam
1122 2762 1288 2799 obtinere,
1305 2762 1551 2798 remitteretur,
1572 2761 1615 2792 ad
1629 2761 1729 2801 Papae
1742 2760 1969 2792 camerarium
1982 2768 2043 2799 per
2057 2758 2216 2790 eumdem

600 2816 828 2848 senescallum
853 2817 1023 2848 remissus
1044 2817 1120 2853 fuit,
1139 2818 1172 2848 et
1196 2816 1277 2848 licet
1301 2816 1393 2848 idem
1411 2815 1624 2847 senescallus
1641 2817 1674 2846 et
1698 2815 1906 2855 quicumque
1924 2813 1984 2844 alii
2002 2812 2216 2852 oppositores

601 2869 643 2901 ab
659 2869 857 2910 hujusmodi
883 2870 1160 2910 oppositionibus
1173 2870 1305 2910 jamdiu
1321 2869 1527 2907 destiterint,
1544 2868 1579 2900 in
1596 2869 1751 2900 Romana
1767 2867 1862 2899 curia
1877 2867 2066 2898 arrestatus
2081 2865 2159 2903 fuit,
2174 2864 2216 2896 ab

603 2923 746 2954 arrestis
763 2923 961 2964 hujusmodi
979 2923 1144 2956 liberatur
1163 2925 1264 2965 eique
1281 2923 1421 2955 licentia
1437 2931 1532 2954 conc.
1556 2922 1735 2954 recedendi
1754 2930 1771 2952 e
1791 2922 1946 2952 Romana
1968 2919 2073 2950 curia.
2095 2918 2148 2958 (A.
2164 2919 2218 2958 24,

600 2976 624 3007 f.
645 2977 702 3008 211
720 2982 749 3013 ·;
771 2977 807 3009 V.
825 2979 879 3015 80,
898 2986 950 3018 ep.
967 2979 1053 3017 271.)

310 3068 462 3096 somnis
483 3069 567 3097 xxii.
588 3086 622 3091 -
641 3070 674 3098 T.
693 3070 741 3099 vi.
2061 3064 2080 3093 6
