2540 3496
354 341 395 372 94

386 429 490 456 Datum
513 420 699 456 Avenione.

502 491 581 498 ——-

428 529 468 557 25
480 529 547 564 jan.
567 527 656 555 1326.

429 578 496 609 (viu
510 572 568 600 kal.
583 570 654 606 feb.)

428 619 475 648 Gr.
499 625 549 653 pro
566 615 653 644 socio.

447 807 449 809 ·
492 792 528 820 Ut
556 799 579 818 s.

448 837 478 864 T.
496 836 542 870 XI,
560 835 631 862 XIII.

500 1111 536 1138 Ut
550 1118 573 1138 s.

412 1155 442 1183 T.
460 1155 554 1189 XXIV,
571 1154 665 1182 XXVI.

423 1647 464 1675 26
481 1647 543 1681 jan.
564 1646 652 1675 1326.

429 1692 484 1728 (vu
504 1691 562 1719 kal.
579 1690 649 1726 feb.)

371 1753 380 1759 .
445 1737 476 1764 T.
495 1737 541 1770 XI,
562 1736 632 1764 XIII.

496 1861 532 1889 Ut
553 1869 576 1888 s.

448 1906 478 1933 T.
494 1906 539 1939 XI,
554 1906 625 1933 XIII.

495 2020 530 2048 Ut
550 2029 574 2048 s.

443 2065 474 2093 T.
495 2065 541 2097 XI,
556 2065 627 2093 XIII.

493 2182 530 2209 Ut
550 2190 573 2210 s.

444 2226 474 2254 T.
491 2226 537 2261 XI,
554 2227 625 2254 XIII.

499 2343 533 2371 Ut
554 2352 578 2372 s,

441 2387 471 2415 T.
490 2387 536 2422 XI,
554 2388 624 2416 XIII.

490 2609 526 2638 Ut
540 2618 564 2638 s.

472 2654 502 2681 Τ.
522 2654 593 2682 XIV.

494 2716 529 2744 Ut
547 2724 571 2744 s.

476 2761 507 2788 T.
528 2761 588 2790 xli.

491 2823 527 2850 Ut
546 2831 570 2851 s.

439 2867 470 2894 T.
491 2867 538 2902 XI,
551 2868 623 2896 XIII.

753 329 927 362 JOANNIS
951 326 1070 359 PAPAE
1092 325 1194 356 XXII.
1219 321 1469 362 (1316-1334).
1491 338 1529 344 —
1553 318 1741 349 LITTERAE
1764 317 1992 349 COMMUNES

831 516 969 551 24303.
983 535 1019 542 —
1047 516 1129 556 Maq.
1152 513 1290 545 Antonio
1307 512 1343 543 de
1370 510 1525 548 Turrinis,
1543 518 1615 541 can.
1637 510 1718 542 eccl.
1737 509 1774 540 B.
1794 509 1839 541 M.
1862 508 2070 547 Vercellen.,
2093 509 2197 550 Papae
2224 508 2395 550 scriptori,

784 574 906 606 indult.
925 573 971 608 ut,
989 571 1024 601 in
1042 570 1196 600 Romana
1211 566 1305 597 curia
1323 564 1455 596 ratione
1471 563 1576 595 officii
1593 563 1783 603 scriptoriae
1799 563 1840 594 A.
1858 563 1893 595 S.
1909 562 2078 601 residens,
2094 562 2227 595 fructus
2243 562 2397 594 omnium

784 626 895 658 benef.
916 631 1054 655 suorum
1083 621 1210 660 absque
1235 617 1422 650 residentia
1441 617 1572 657 integre
1587 616 1766 657 percipiat.
1789 633 1829 639 —
1850 616 1878 647 Ι.
1895 625 1924 648 e.
1945 624 1991 648 m.
2017 608 2095 648 abb.
2113 619 2259 648 monast.
2282 624 2309 648 s.
2326 616 2398 648 Ste-

784 679 898 720 phani,
915 679 948 708 et
967 675 1093 708 archid.
1113 673 1319 709 vercellen„
1338 680 1376 703 ac
1393 679 1482 711 mag.
1502 670 1605 702 Petro
1620 669 1769 702 Ponzilii
1785 670 1826 702 de
1842 670 1989 711 Vigono,
2009 678 2082 702 can.
2095 670 2279 703 Novarien.
2300 670 2397 711 eccl.,

787 734 882 772 Papae
901 728 1070 769 scriptori.
1089 728 1142 766 (A.
1159 727 1209 763 24,
1230 725 1252 756 f.
1271 726 1332 757 325
1346 730 1375 761 ·;
1402 724 1435 755 V.
1455 725 1507 762 80,
1525 732 1577 764 ep.
1594 723 1680 764 546.)

829 781 964 813 24304.
981 800 1014 805 -
1034 781 1128 811 Petro
1145 779 1181 810 de
1197 779 1318 815 Lauda,
1334 777 1462 818 presb.,
1483 778 1608 809 rectori
1624 777 1760 818 paroch.
1785 777 1867 810 eccl.
1883 785 1911 809 s.
1930 777 2057 809 Aniani
2073 777 2270 816 carnoten„
2288 777 2399 818 gratia

783 847 879 878 exsp.
904 836 1016 867 benef.
1034 834 1146 866 saecul.
1177 834 1216 874 (c.
1234 842 1262 864 c.
1284 834 1343 864 100
1357 832 1412 863 vel
1435 840 1462 863 s,
1485 840 1514 863 c.
1531 833 1571 863 50
1590 831 1613 862 1.
1631 832 1683 870 t.),
1702 831 1745 863 ad
1768 831 1882 863 collat.
1907 830 1984 863 abb.
2008 832 2042 863 et
2057 837 2160 863 conv.
2185 833 2332 863 monast.
2355 831 2398 864 de

782 889 1057 929 Beceobelluyni‚
1074 888 1113 920 O.
1130 888 1162 919 S.
1183 887 1235 925 Β.,
1251 885 1499 926 Rothomagen.
1514 885 1576 923 di.,
1592 885 1728 925 pertin„
1747 893 1825 917 cum
1838 885 2045 926 obligatione
2060 884 2256 917 dimittendi
2272 884 2398 917 dictam

783 944 918 985 paroch.
938 942 1018 974 eccl.
1047 942 1077 973 si
1099 940 1213 973 benef.
1233 949 1260 972 0.
1279 949 1306 971 c.
1329 939 1525 971 obtinuerit.
1546 956 1584 962 —
1606 939 1633 970 Ι.
1652 947 1681 971 e.
1707 947 1753 970 m.
1777 938 1854 971 abb.
1880 940 2027 971 monast.
2052 947 2080 970 s.
2100 938 2282 971 Genovefae
2303 938 2397 970 Pari·

783 999 883 1035 sien„
900 998 933 1029 et
958 997 1084 1028 decano
1103 994 1364 1034 Rothomagen„
1383 1002 1422 1025 ac
1444 993 1571 1025 archid.
1591 992 1765 1034 Figiacen.
1793 992 1972 1025 Caturcen.
2000 992 2081 1025 eccl.
2102 992 2158 1034 (A.
2180 994 2231 1031 24,
2249 991 2272 1024 f.
2291 993 2352 1025 ³86
2365 996 2396 1029 ¹5

787 1052 964 1134 νέἓὲῧὲ
975 1049 1211 1142 636{lodulpho
1226 1101 1294 1132 abb.
1312 1105 1441 1132 monast.
1458 1111 1484 1132 s.
1499 1100 1662 1132 Michaelis
1681 1100 1718 1131 de
1736 1099 1842 1138 Clusa,
1863 1100 1906 1131 ad
1926 1101 1965 1132 R.
1982 1100 2025 1132 E.
2043 1099 2128 1132 nullo
2145 1100 2242 1131 medio
2266 1099 2396 1141 pertin„

786 1159 820 1190 0.
834 1158 869 1189 S.
886 1158 939 1197 Β.,
960 1157 1125 1188 Taurinen.
1145 1155 1201 1192 di.,
1225 1155 1372 1187 facultas
1396 1154 1585 1195 recipiendi
1603 1156 1636 1187 et
1660 1154 1820 1195 exigendi
1838 1154 2053 1186 moderatum
2078 1153 2274 1186 subsidium
2291 1152 2399 1186 semel
2460 1142 2500 1202 :24

783 1212 960 1244 dumtaxat
976 1210 1018 1242 ab
1035 1209 1195 1242 omnihus
1210 1208 1406 1246 abbatibus,
1426 1208 1615 1249 prioribus,
1634 1207 1842 1248 praepositis,
1861 1207 2068 1240 officialibus
2089 1209 2123 1240 et
2141 1207 2400 1240 administrato-
2468 1203 2487 1247 J

783 1266 880 1297 ribus
905 1265 1012 1305 ejusd.
1039 1263 1239 1295 monasterii
1262 1271 1301 1294 ac
1326 1262 1474 1294 aliorum
1498 1261 1801 1299 monasteriorum,
1825 1261 2054 1302 prioratuum,
2079 1261 2398 1302 praepositurarum,

783 1320 973 1352 officiorum
999 1319 1032 1350 et
1057 1316 1398 1349 administrationum
1421 1315 1534 1347 eidem
1556 1315 1767 1347 monasterio
1787 1315 1986 1347 immediate
2003 1314 2247 1356 subiectorum,
2269 1322 2399 1347 necnon

782 1373 994 1414 presbyteris
1014 1373 1047 1403 et
1070 1371 1206 1403 clericis
1227 1370 1341 1402 saecul.
1367 1369 1534 1401 beneficia
1551 1377 1626 1410 quae
1652 1369 1695 1401 ad
1720 1369 1835 1401 collat.
1852 1369 1963 1409 ipsius
1985 1370 2018 1402 et
2041 1368 2214 1409 abbatum,
2231 1368 2398 1410 priorum,

783 1427 1056 1467 praepositorum,
1082 1424 1283 1457 officialium
1300 1425 1333 1456 et
1359 1423 1678 1455 administratorum
1700 1423 1942 1464 praedictorum
1960 1423 2132 1463 pertinent
2152 1421 2398 1459 obtinentibus,

783 1481 825 1513 ad
842 1480 1060 1512 relevandum
1087 1479 1203 1511 debita
1220 1478 1346 1518 quibus
1370 1479 1516 1509 monast.
1533 1477 1647 1517 ipsum
1671 1478 1849 1518 gravatum
1865 1478 1929 1509 est.
1945 1495 1983 1518 ,-
1996 1477 2023 1508 Ι.
2039 1486 2068 1509 e.
2085 1486 2132 1509 m.
2151 1476 2228 1509 abb.
2250 1477 2397 1509 monast.

784 1536 817 1567 S.
835 1535 880 1566 M.
897 1535 938 1566 de
952 1533 1139 1568 Piuarolio.
1157 1534 1190 1564 et
1205 1541 1233 1563 s.
1249 1532 1338 1564 Jorii
1357 1540 1396 1563 ac
1414 1531 1613 1564 Savinniaci
1625 1530 1814 1572 prioribus,
1828 1531 2027 1569 Taurinen.,
2044 1530 2353 1572 Gratianopolitan.
2365 1531 2400 1563 et
2467 1566 2473 1588 2

783 1588 968 1620 Bituricen.
985 1587 1031 1619 di.
1050 1587 1103 1627 (A.
1120 1588 1171 1621 24.
1186 1586 1211 1617 f.
1226 1587 1288 1618 444
1302 1585 1331 1622 ¹’3
1356 1585 1392 1618 V.
1413 1586 1464 1621 80,
1479 1594 1532 1625 ep.
1549 1586 1636 1624 839.)

829 1639 968 1672 24306.
987 1659 1025 1664 —-
1041 1640 1218 1672 Baimundo
1237 1640 1274 1671 de
1288 1639 1499 1682 Hysharlsret,
1514 1638 1616 1680 presb.
1636 1638 1844 1671 Conseranen.
1861 1622 2045 1680 di.,—gratia
2063 1648 2159 1680 exsp.
2175 1638 2288 1671 benef.
2310 1639 2351 1678 (o.
2368 1646 2398 1670 c.
2466 1615 2474 1635 ἰ

782 1697 823 1728 50
838 1697 891 1727 vel
906 1705 933 1726 s.
950 1705 979 1727 0.
998 1697 1037 1727 30
1055 1695 1077 1727 1.
1098 1696 1137 1734 t.)
1156 1695 1190 1725 in
1212 1694 1307 1726 civit.
1327 1694 1382 1726 vel
1400 1694 1446 1725 di.
1470 1694 1714 1732 Conseranen.,
1737 1693 1862 1734 pertin.
1880 1693 1924 1725 ad
1945 1693 2060 1725 collat.
2082 1693 2151 1733 epi
2167 1692 2398 1727 consor-anon.
2482 1723 2487 1738 ÷

784 1769 821 1773 -
837 1751 862 1781 Ι.
880 1759 908 1782 e.
926 1759 971 1781 m.
986 1758 1089 1790 praep.
1107 1750 1332 1786 AvenIOnen.‚
1346 1749 1379 1779 et
1392 1747 1589 1780 Raimundo
1605 1747 1751 1780 Athonis
1769 1747 1810 1780 de
1823 1747 1979 1788 Aspello,
1997 1756 2035 1779 ac
2048 1747 2201 1780 Arnaldo
2215 1746 2256 1779 de
2273 1746 2398 1785 Auxio,
2439 1790 2441 1796 ἲ
2475 1784 2483 1788 ⁵

783 1813 855 1835 can.
874 1805 1103 1835 Conseranen.
1123 1802 1203 1834 eccl.
1225 1802 1277 1842 (A.
1293 1803 1344 1840 24,
1362 1802 1384 1833 f.
1403 1803 1463 1834 372
1480 1807 1509 1838 ⁸3
1531 1801 1567 1833 V.
1584 1803 1636 1839 80,
1653 1810 1706 1841 ep.
1723 1801 1812 1842 655.)
2096 1813 2099 1814 ⁷

829 1855 965 1887 24307.
986 1876 1024 1880 -
1039 1856 1133 1888 Petro
1146 1856 1305 1897 Arquerii,
1323 1855 1404 1887 cler.
1420 1855 1650 1887 Conseranen.
1669 1855 1728 1892 di.,
1742 1855 1852 1896 gratia
1868 1864 1966 1896 exsp.
1980 1854 2093 1900 benef.
2106 1854 2235 1887 similis
2250 1854 2287 1886 in
2303 1853 2398 1887 civit.

781 1912 835 1943 vel
853 1912 898 1942 di.
915 1912 1080 1948 Electen.,
1100 1911 1224 1950 pertin.
1244 1911 1285 1941 ad
1304 1910 1418 1942 collat.
1434 1909 1502 1950 ep.i
1522 1909 1674 1941 Electen.
1690 1927 1729 1932 —
1746 1910 1771 1941 Ι.
1789 1918 1818 1941 e.
1836 1918 1883 1941 m.
1898 1910 1939 1942 ut
1954 1918 1982 1941 s.
2001 1909 2054 1950 (Α.
2066 1908 2152 1948 24,f.
2169 1909 2230 1941 372
2244 1908 2275 1947 ι’;
2291 1907 2328 1940 V.
2345 1909 2398 1947 w,

781 1975 833 2006 ep.
851 1966 936 2004 656.)

826 2016 964 2049 24308.
983 2037 1022 2041 -
1039 2018 1216 2049 Raimundo
1234 2018 1272 2049 de
1293 2017 1457 2054 viridario,
1479 2018 1559 2049 cler.
1578 2019 1808 2050 Conseranen.
1825 2018 1887 2055 di.,
1904 2017 2013 2058 gratia
2027 2026 2121 2058 exsp.
2139 2016 2251 2049 benef.
2270 2015 2400 2048 similis

780 2073 816 2104 in
839 2073 931 2105 civit.
956 2073 1010 2104 vel
1032 2073 1079 2104 di.
1107 2072 1367 2113 Appamiarum,
1390 2072 1515 2112 pertin.
1536 2071 1578 2103 ad
1597 2071 1710 2103 collat.
1738 2071 1807 2112 ep.i
1830 2071 2089 2112 Appamiarum.
2111 2089 2150 2095 —
2164 2071 2192 2103 I.
2207 2079 2237 2103 e.
2254 2079 2299 2103 m.
2317 2070 2356 2102 ut
2368 2077 2398 2102 g,
2462 2086 2483 2098 ..

781 2127 834 2167 (Α.
853 2129 903 2165 24,
924 2127 947 2157 f.
966 2128 1027 2159 372
1042 2126 1072 2163 ¹³3
1095 2126 1131 2158 V.
1151 2127 1202 2162 80,
1222 2135 1274 2166 ep.
1290 2126 1377 2166 657.)

826 2178 964 2211 24309.
983 2199 1020 2203 -
1039 2180 1199 2211 Bernardo
1220 2179 1313 2215 Osset,
1339 2179 1453 2220 presb.
1475 2180 1705 2212 Conseranen.
1728 2180 1789 2216 di.,
1808 2179 1919 2220 gratia
1932 2187 2030 2220 exsp.
2051 2178 2162 2211 benef.
2185 2178 2227 2220 (c.
2243 2187 2271 2211 c.
2287 2179 2329 2222 60
2344 2177 2399 2211 vel

781 2244 810 2266 s.
837 2244 863 2266 0.
888 2236 928 2264 40
952 2235 974 2265 l.
989 2236 1027 2273 t.)
1046 2234 1080 2265 in
1103 2234 1194 2265 civit.
1215 2234 1268 2266 vel
1293 2234 1338 2265 di.
1358 2234 1494 2271 Riven„
1515 2233 1640 2274 pertin.
1659 2233 1701 2264 ad
1718 2233 1833 2265 collat.
1857 2233 1926 2274 ep.i
1950 2232 2073 2266 Riven.
2092 2250 2132 2256 —
2157 2232 2184 2264 Ι.
2205 2241 2234 2264 e.
2253 2241 2300 2264 m.
2318 2233 2357 2264 ut
2367 2240 2397 2283 s.
2448 2236 2482 2285 Ἴζ

781 2288 835 2329 (Α.
854 2290 904 2325 24,
925 2288 947 2319 f.
966 2289 1027 2319 372
1039 2288 1067 2325 1>;
1093 2288 1129 2319 V.
1146 2289 1197 2326 80,
1211 2297 1264 2328 ep.
1281 2289 1367 2326 658.)

826 2338 965 2371 24310.
987 2359 1025 2364 —
1042 2341 1197 2382 eanfrid«)
1222 2340 1378 2379 maachi,
1397 2351 1479 2373 mon.
1505 2346 1636 2372 monast.
1661 2339 1846 2379 Massilien„
1875 2340 1908 2371 0.
1923 2340 1960 2372 s.
1976 2340 2029 2379 Β.,
2046 2340 2157 2381 gratia
2178 2348 2273 2381 exsp.
2290 2340 2396 2380 dign..
2459 2331 2480 2387 ij

782 2397 998 2435 personatus,
1018 2404 1079 2427 seu
1097 2395 1306 2433 administr.,
1332 2395 1405 2427 sive
1421 2395 1596 2432 custodiae,
1614 2395 1672 2427 aut
1691 2394 1877 2435 prioratus,
1897 2394 1950 2426 vel
1967 2394 2022 2426 off.
2042 2403 2103 2426 seu
2120 2393 2232 2426 benef.
2250 2403 2278 2426 c.
2296 2402 2325 2425 c.
2344 2393 2398 2442 vel
2448 2391 2473 2436 „sl

783 2458 811 2480 s.
829 2450 996 2490 c.,(1001.
1015 2451 1066 2489 t.)‚
1087 2450 1129 2481 ad
1149 2449 1263 2481 collat.
1282 2449 1358 2492 abb.
1377 2450 1409 2481 et
1431 2457 1526 2480 conv.
1550 2448 1658 2488 ejusd.
1684 2449 1832 2480 monast.
1855 2448 1995 2488 pertin„
2014 2449 2048 2480 et
2065 2457 2126 2488 per
2142 2448 2255 2488 ipsius
2280 2455 2399 2480 mona-

782 2502 862 2534 chos
884 2503 976 2534 soliti
995 2503 1075 2543 gub.
1089 2521 1127 2526 —
1143 2504 1170 2535 1.
1189 2512 1219 2535 e.
1237 2511 1282 2534 m.
1309 2511 1386 2543 ep.o
1409 2502 1630 2539 Cavallicen.‚
1647 2503 1681 2534 et
1705 2502 1833 2534 archid.
1850 2501 2039 2543 Gamagen.
2057 2502 2092 2533 in
2114 2502 2196 2534 eccl.
2219 2495 2396 2539 vasaten„

784 2565 821 2588 ac
837 2556 986 2588 Imberto
1003 2557 1042 2588 de
1060 2557 1309 2594 Alamannono,
1328 2565 1401 2588 can.
1420 2555 1610 2588 Massilien.
1629 2556 1710 2588 eccl.
1729 2556 1783 2596 (A.
1798 2557 1849 2593 24,
1865 2556 1888 2588 f.
1907 2557 1967 2588 376
1982 2560 2009 2593 ·;
2035 2555 2068 2586 V.
2085 2557 2137 2592 80,
2153 2564 2207 2596 ep.
2222 2555 2311 2596 659.)

829 2607 967 2640 24311.
982 2629 1018 2634 -
1036 2611 1076 2642 Ν.
1096 2621 1122 2642 υ.
1142 2611 1259 2642 Joanm'
1275 2610 1312 2642 de
1337 2610 1517 2646 Britannia,
1544 2610 1648 2641 comiti
1670 2610 1889 2651 Montisfortis,
1907 2610 2031 2642 indult.
2051 2609 2224 2642 celebrare
2250 2608 2397 2645 faciendi

781 2663 817 2694 in
833 2664 918 2695 locis
935 2664 1116 2696 interdicto
1133 2665 1336 2705 suppositis.
1355 2664 1409 2706 (A.
1426 2665 1478 2700 24,
1496 2664 1519 2695 f.
1536 2665 1596 2696 405
1612 2669 1640 2701 ⁸3
1665 2663 1701 2696 V.
1716 2665 1767 2703 80,
1785 2673 1838 2704 ep.
1861 2663 1947 2704 739.)
2451 2675 2486 2712 «23

827 2714 965 2747 24312.
983 2735 1022 2740 -
1037 2718 1150 2750 Eidem
1166 2719 1338 2750 indultum
1353 2718 1500 2750 habendi
1516 2718 1624 2750 altare
1641 2717 1813 2759 portatile.
1825 2718 1880 2757 (Α.
1897 2719 1948 2756 24,
1968 2717 1991 2749 f.
2010 2719 2070 2750 405
2084 2718 2113 2756 1‘3
2129 2718 2164 2750 V.
2173 2719 2225 2754 80,
2241 2726 2294 2759 ep.
2309 2717 2396 2758 740.)
2462 2727 2491 2767 ‘L

828 2822 964 2855 24313.
983 2843 1022 2848 -
1037 2826 1152 2857 Joanm‘
1174 2826 1211 2857 de
1224 2825 1411 2867 Falqueriis,
1429 2835 1521 2858 mon.
1539 2825 1619 2858 eccl.
1638 2834 1667 2857 s.
1685 2825 1800 2857 Pontii
1818 2825 2090 2864 Thomeriarum,
2109 2826 2148 2858 O.
2165 2826 2198 2858 S.
2215 2826 2268 2864 Β.,
2284 2826 2395 2867 gratia

780 2886 876 2918 exsp.
895 2878 1067 2918 prioratus
1088 2888 1149 2911 seu
1171 2880 1378 2918 administr.,
1399 2880 1453 2912 vel
1473 2880 1528 2915 off.
1549 2881 1608 2911 aut
1631 2878 1757 2916 benef„
1773 2888 1801 2911 c.
1818 2887 1847 2911 c.
1869 2879 1924 2910 vel
1943 2888 1971 2911 s.
1989 2888 2030 2917 c.‚
2047 2879 2202 2912 consueti
2221 2888 2283 2920 per
2301 2887 2392 2912 mon.
2451 2896 2488 2925 75.-

780 2931 877 2963 dictae
892 2932 974 2963 eccl.
991 2933 1083 2972 gub„
1100 2935 1132 2964 et
1157 2934 1198 2965 ad
1224 2934 1335 2973 ipsius
1352 2934 1421 2974 ep.i
1435 2934 1468 2966 et
1493 2934 1595 2974 capit.
1612 2933 1726 2965 collat.
1745 2933 1869 2974 pertin.
1890 2951 1928 2956 -
1944 2933 1972 2965 Ι.
1991 2941 2021 2965 e.
2038 2942 2083 2964 m.
2106 2933 2278 2965 Lodoven.
2304 2935 2338 2966 et
2352 2933 2394 2966 de

781 2984 889 3016 Podio
904 2994 931 3016 s.
953 2985 1091 3026 Georgii
1107 2986 1243 3018 Albien.
1264 2987 1438 3023 archid.is,
1453 2996 1492 3019 ac
1511 2987 1663 3019 sacristae
1681 2987 1796 3019 saecul.
1813 2987 1854 3019 de
1873 2986 2041 3025 Burlatio,
2060 2987 2214 3019 castren.
2234 2987 2294 3025 di.,
2311 2987 2393 3020 eccl.

779 3038 834 3078 (A.
856 3039 907 3076 24,
928 3039 952 3070 f.
969 3040 1030 3071 436
1046 3039 1076 3076 ¹³3
1122 3039 1154 3071 V.
1171 3042 1223 3076 80,
1238 3050 1290 3081 ep.
1305 3042 1391 3080 809.)
