2540 3496
330 391 436 419 Datum
456 382 642 419 Avenione.

363 599 401 628 23
419 602 492 634 sept.
511 596 600 626 1325.

379 648 422 679 (lx
437 643 497 671 kal.
515 642 586 677 oct.)

389 689 420 717 T.
436 688 482 722 XI,
498 686 571 714 XIII.

434 865 470 892 Ut
492 873 517 891 s.

332 910 362 938 T.
381 909 416 936 XI
433 909 479 944 ¹l2,
496 907 558 935 XIII
578 907 624 943 ¹s2.

435 1129 473 1157 Ut
488 1138 511 1157 s.

405 1175 435 1203 Τ.
452 1174 549 1202 XVIII.

358 1616 398 1644 24
419 1618 488 1651 sept.
510 1614 598 1643 1325.

358 1663 426 1696 (vm
443 1660 500 1688 kal.
520 1660 593 1695 oct.)

401 1706 432 1733 Τ.
450 1705 547 1733 XVIII.

437 1832 472 1860 Ut
490 1840 513 1859 s.

383 1877 413 1904 T.
433 1876 479 1909 XI,
501 1875 573 1904 XIII.

437 2101 473 2128 Ut
493 2109 517 2128 s.

382 2146 413 2173 T.
431 2146 477 2179 XI,
494 2145 566 2173 XIII.

439 2317 476 2344 Ut
496 2325 520 2344 s.

385 2361 415 2389 T.
433 2361 479 2396 x1,
495 2361 567 2388 XIII.

437 2639 474 2667 Ut
494 2647 518 2667 s.

407 2684 438 2712 T.
455 2683 551 2712 XXVI.

437 2961 475 2990 Ut
494 2970 518 2990 s.

328 3007 374 3035 Gr.
393 3015 445 3042 pro
459 3013 525 3042 nep.
543 3006 622 3034 card.

694 295 870 329 JOANNIS
893 294 1013 326 PAPAE
1035 293 1137 325 XXII.
1162 291 1413 334 (1316-1334).
1438 309 1477 314 —
1499 290 1688 322 LITTERAE
1711 289 1939 321 COMMUNES

730 495 797 526 qua
813 487 885 518 Deo
906 486 939 516 et
960 484 1169 516 beatissimae
1184 483 1310 523 virgini
1329 482 1431 513 mat-ri
1447 482 1533 522 ejus,
1550 490 1588 512 ac
1602 481 1636 512 b.
1660 481 1784 512 Joanni
1801 481 1965 521 Baptistae
1983 482 2016 513 et
2030 481 2064 518 b.
2083 480 2242 513 Barbarae
2258 488 2345 512 mar·

728 539 799 580 tyri
815 540 850 570 in
868 538 997 570 divinis
1013 537 1137 568 officiis
1155 536 1337 568 serviatur.
1354 535 1407 575 (A.
1424 536 1475 572 24,
1489 535 1512 566 f.
1526 535 1567 566 52
1581 534 1611 571 Μ
1636 534 1669 566 V.
1687 536 1739 572 80,
1756 543 1809 574 ep.
1826 535 1893 573 39.)

776 589 911 621 23446.
931 609 969 614 -
983 590 1119 621 Henrico
1143 588 1279 620 Arnoldi
1295 588 1331 620 de
1347 588 1505 626 Bastonia,
1522 587 1637 628 presb.
1658 587 1820 619 Leodien.
1839 587 1899 623 di.,
1922 588 2032 628 gratia
2043 596 2141 628 exsp.
2159 587 2271 619 benef.
2286 596 2348 620 sae-

728 647 793 677 cul.
811 655 840 676 c.
861 654 888 676 c.
907 645 1005 675 veis,
1023 653 1052 675 c.
1071 643 1146 684 (120
1169 643 1191 674 1.
1210 642 1263 682 t.),
1284 642 1324 673 ad
1342 642 1455 673 collat.
1472 641 1548 673 abb.
1574 642 1608 673 et
1623 649 1720 673 conv.
1738 641 1888 672 monast.
1907 649 1937 672 s.
1954 640 2102 673 Huberti
2123 641 2159 672 in
2174 641 2347 679 Ardenna‚

727 700 768 731 O.
779 699 812 730 S.
823 699 875 735 B.²
891 698 989 729 dictae
1004 697 1070 734 di.;
1087 705 1154 727 non
1169 695 1257 727 obst.
1273 696 1420 735 quadam
1435 703 1532 736 perp.
1547 695 1676 726 vicaria
1690 695 1724 726 in
1736 693 1874 735 paroch.
1888 694 1970 726 eccl.
1987 694 2028 726 de
2044 694 2220 730 Bastonia‚
2238 695 2347 735 ejusd.

726 753 772 783 di.
792 771 830 775 —
845 752 870 782 Ι.
887 760 916 782 e.
933 759 979 782 m.
1005 758 1032 780 s.
1053 749 1192 781 Martini
1215 750 1248 781 et
1267 758 1295 781 s.
1317 748 1479 790 Dionysii
1495 748 1656 780 Leodien.
1678 748 1829 786 decanis,
1850 756 1888 779 ac
1905 756 1995 789 mag.
2017 748 2141 780 Joanni
2157 748 2199 780 de
2223 748 2348 786 Rocca,

727 806 829 844 Papae
843 813 929 843 cap.‚
948 812 1022 835 can.
1038 803 1257 843 Neapolitau.
1275 803 1358 835 eccl.
1377 802 1429 843 (A.
1449 804 1500 842 24,
1517 803 1540 834 f.
1557 804 1597 835 56
1613 801 1643 840 ¹³3
1668 802 1704 834 V.
1723 803 1774 838 80,
1795 810 1847 842 ep.
1867 803 1933 841 47.)

774 855 910 887 23447.
937 876 972 882 —-
989 857 1105 889 Joanni
1127 856 1164 888 de
1178 857 1330 888 Bascom'a
1352 865 1448 897 prov.
1462 865 1583 888 canon.
1598 856 1679 888 eccl.
1694 856 1887 888 Virdunen.
1905 855 1970 887 sub
1986 864 2083 896 exsp.
2103 854 2222 895 presb„
2241 855 2348 896 dign„

725 912 780 944 vel
797 913 1001 951 personatus
1019 920 1080 943 seu
1094 911 1148 942 off.
1165 920 1194 942 c.
1212 920 1240 942 c.
1252 910 1307 942 vel
1325 919 1353 942 s.
1372 919 1418 947 c.;
1432 919 1500 942 non
1519 909 1606 942 obst.
1625 910 1803 947 decanatu,
1816 918 1937 941 canon.
1956 910 1989 941 et
2003 909 2107 950 praeb.
2127 909 2208 941 eccl.
2229 917 2257 940 s.
2269 909 2350 940 Bar-

725 965 898 998 tholomaei
914 965 1090 1002 LeodIen.,
1106 966 1139 996 et
1154 964 1291 1006 paroch.
1304 964 1385 996 eccl.
1397 965 1438 996 de
1455 964 1631 1002 Bastonia,
1644 963 1804 995 Leodien.
1820 963 1880 1002 di.,
1893 972 1997 1004 super
2010 971 2078 1004 qua
2096 962 2220 1004 litigat,
2231 970 2348 1003 quam-

725 1028 791 1060 que
808 1019 982 1051 dimittere
997 1020 1143 1050 tenetur.
1163 1037 1202 1042 —
1220 1019 1247 1050 I.
1265 1027 1294 1050 e.
1308 1027 1353 1050 m.
1373 1027 1402 1050 s.
1419 1017 1538 1050 Vitoni
1555 1017 1746 1050 Virdunen.
1762 1019 1794 1049 et
1809 1026 1838 1049 s.
1853 1017 1952 1049 Pauli
1968 1026 2073 1058 prope
2089 1025 2207 1049 muros
2223 1016 2348 1050 Virdu-

725 1083 803 1106 nen.
819 1074 965 1104 monast.
984 1072 1076 1109 abb.,
1092 1081 1130 1104 ac
1145 1081 1232 1113 mag.
1250 1072 1375 1104 Joanni
1391 1072 1432 1104 de
1449 1072 1562 1104 Rocca
1578 1071 1753 1111 praedicto.
1770 1071 1822 1111 (Α.
1841 1072 1892 1108 24,
1909 1071 1932 1102 f.
1949 1071 1989 1103 58
2004 1076 2033 1108 ὃ,
2054 1071 2088 1103 V.
2106 1072 2157 1109 80,
2170 1080 2223 1111 ep.
2240 1070 2308 1111 51.)

772 1124 912 1158 23448.
931 1145 971 1150 -
987 1126 1149 1165 Asc-ulan„
1167 1126 1363 1158 Bisinianen.
1389 1130 1418 1156 et
1433 1126 1590 1157 Potentia.
1607 1126 1687 1166 φάε
1706 1125 1821 1156 mand.
1844 1126 1894 1162 ut,
1913 1125 1956 1156 ad
1980 1125 2061 1157 eccl.
2084 1125 2232 1157 Consan.
2257 1131 2348 1156 acce-

726 1181 859 1219 dentes,
876 1181 1051 1222 inquirant
1066 1181 1106 1212 de
1129 1189 1273 1213 numero
1296 1180 1538 1212 canonicorum
1552 1179 1613 1220 qui
1627 1179 1857 1211 interfuerunt
1873 1178 2033 1210 electioni
2048 1178 2173 1218 Leonis
2195 1178 2235 1210 de
2253 1178 2348 1210 Mon-

725 1235 920 1274 tecaveoso,
942 1234 1049 1275 ejusd.
1077 1234 1159 1266 eccl.
1180 1243 1268 1270 can„
1285 1235 1364 1274 post
1388 1233 1519 1265 obitum
1539 1233 1686 1265 Consilii
1705 1232 1895 1271 celebratae,
1918 1240 2049 1264 necnon
2066 1231 2291 1272 postulationi
2305 1231 2348 1264 de

726 1289 759 1320 b.
777 1298 844 1321 me.
861 1289 1044 1321 Francisco
1061 1297 1137 1330 ep.o
1150 1289 1307 1321 Gaietan.
1322 1287 1486 1319 similiter
1504 1287 1600 1318 factae
1607 1296 1616 1323 ;
1630 1295 1722 1324 nam,
1741 1286 1907 1318 electione
1924 1286 1957 1318 et
1971 1286 2203 1326 postulatione
2219 1285 2255 1317 In
2272 1293 2347 1317 con·

727 1343 868 1375 cistorio
885 1342 1102 1383 praesentatis
1118 1351 1155 1374 ac
1172 1350 1276 1382 super
1288 1341 1378 1373 dicto
1389 1349 1532 1372 numero
1550 1340 1697 1372 materia
1713 1339 1939 1371 dubitationis
1954 1341 2075 1372 exorta
2092 1341 2182 1379 (cum
2196 1347 2257 1380 per
2270 1347 2346 1379 par-

726 1398 779 1429 tes
798 1397 937 1429 omnino
962 1397 1100 1428 diversa
1124 1396 1372 1436 respondentes
1388 1396 1506 1435 posset
1531 1394 1660 1426 veritas
1677 1394 1852 1433 inveniri),
1873 1394 1966 1434 Papa
1989 1393 2245 1434 Laquedonien.
2264 1393 2297 1425 et
2311 1392 2345 1424 b.

727 1460 793 1482 me.
813 1451 980 1483 Aversan.
999 1451 1086 1490 ep.is
1103 1449 1279 1481 mandavit
1294 1450 1332 1480 ut
1350 1448 1533 1481 veritatem
1551 1447 1766 1488 inquirerent
1785 1448 1818 1479 et
1834 1447 2013 1486 referrent,
2026 1447 2088 1480 sed
2104 1447 2224 1479 eodem
2239 1448 2347 1479 Aver-

727 1514 801 1537 san.
825 1513 902 1545 ep.o
922 1504 1081 1536 defuncto
1101 1503 1212 1535 dictus
1238 1503 1495 1543 Laquedonien.
1512 1510 1612 1543 ep.us
1627 1501 1832 1534 relationem
1854 1501 1963 1539 misit,
1979 1501 2020 1533 de
2036 1510 2104 1542 qua
2119 1501 2259 1542 quidem
2273 1509 2348 1533 -non

726 1559 835 1591 valuit
853 1559 954 1599 plene
971 1558 1011 1590 de
1026 1558 1137 1598 ipsius
1152 1557 1287 1589 numeri
1304 1557 1447 1588 veritate
1466 1556 1610 1597 liquere.
1626 1556 1681 1597 (A.
1701 1557 1751 1594 24,
1771 1555 1794 1586 f.
1814 1556 1869 1586 181
1890 1555 1919 1594 b;
1945 1555 1976 1586 V.
1994 1557 2047 1593 80,
2071 1564 2123 1596 ep.
2138 1555 2225 1596 219.)

771 1609 909 1642 23449.
927 1630 966 1634 —
984 1611 1146 1642 Bernardo
1164 1610 1200 1642 de
1226 1610 1409 1652 Linispodio
1430 1620 1512 1642 mon.
1533 1615 1561 1641 et
1584 1610 1720 1640 sacristae
1736 1614 1868 1640 monast.
1886 1609 1923 1641 de
1948 1609 2093 1648 Fullten„
2113 1608 2242 1640 Cisterc.
2265 1608 2346 1647 ord„

724 1667 833 1697 Riven.
849 1666 904 1703 di.,
922 1667 962 1697 de
980 1666 1092 1697 soluto
1104 1667 1137 1697 et
1155 1665 1335 1705 conjugata
1351 1665 1476 1705 genito,
1495 1656 1647 1705 dispens.
1667 1672 1770 1703 super
1784 1660 1921 1696 defectu
1937 1663 2106 1695 natalium
2121 1664 2158 1695 ut
2175 1663 2218 1695 ad
2230 1671 2346 1704 quam·

725 1730 870 1760 cumque
896 1720 1144 1760 praelationem,
1163 1719 1248 1750 citra
1274 1718 1483 1750 abbatialem
1507 1718 1615 1759 dign,
1635 1717 1718 1749 dicti
1738 1718 1824 1753 ord.,
1849 1717 2046 1758 promoveri
2069 1716 2163 1749 licite
2185 1717 2296 1749 valeat
2314 1718 2347 1749 et

725 1774 868 1806 assumi.
889 1774 1009 1812 (Α.’24,
1028 1773 1051 1804 f.
1066 1775 1103 1805 41
1126 1778 1153 1809 ³;
1178 1773 1213 1804 V.
1231 1774 1283 1810 80,
1300 1781 1353 1813 ep.
1374 1774 1436 1812 12.)

768 1825 909 1858 23450.
925 1846 962 1851 -
979 1827 1154 1858 Raimundo
1179 1826 1216 1858 de
1237 1825 1410 1868 Albarupe,
1433 1836 1501 1857 can.
1527 1826 1599 1857 eccl.
1621 1825 1835 1866 Maqalonen„
1855 1825 1889 1856 O.
1906 1825 1942 1857 S.
1967 1826 2023 1864 A.‚
2040 1825 2150 1866 gratia
2172 1833 2271 1865 exsp.
2290 1824 2348 1858 be-

723 1883 790 1914 nef.
809 1892 836 1913 c.
857 1892 885 1914 c.
900 1882 954 1913 vel
973 1891 1000 1913 S.
1018 1890 1060 1919 c.‚
1082 1881 1236 1912 consueti
1254 1890 1314 1920 per
1332 1880 1442 1921 eJusd.
1462 1880 1544 1912 eccl.
1562 1889 1636 1912 can.
1658 1880 1751 1921 gub,
1770 1879 1909 1912 etiamsi
1926 1879 2031 1920 dign„
2054 1880 2273 1920 personatus,
2290 1878 2346 1910 off.

723 1946 784 1968 seu
800 1937 930 1977 quaevis
954 1936 1149 1967 administr.
1171 1935 1286 1973 fuerit,
1304 1935 1347 1966 ad
1369 1935 1482 1966 collat.
1502 1943 1605 1975 praep.
1626 1936 1659 1966 et
1677 1934 1779 1974 capit.
1800 1934 1912 1974 ipsius
1932 1933 2028 1972 eccl.,
2048 1934 2084 1965 in
2101 1933 2175 1965 ead.
2194 1932 2276 1965 eccl.
2291 1933 2347 1965 vel

723 1991 941 2031 ubicumque.
966 2008 1005 2012 —
1030 1990 1057 2021 I.
1082 1998 1110 2020 e.
1138 1998 1182 2020 m.
1212 1997 1288 2029 ep.o
1311 1989 1498 2026 Lodoven„
1525 1990 1558 2020 et
1582 1997 1686 2029 praep.
1710 1988 1938 2026 Avenionen.,
1963 1996 2001 2019 ac
2023 1987 2152 2019 archid.
2171 1987 2345 2028 Figiacen.

723 2046 900 2076 Caturcen.
915 2044 997 2076 eccl.
1016 2044 1069 2083 (A.
1091 2044 1142 2079 24,
1163 2043 1186 2074 f.
1203 2045 1244 2075 44
1259 2048 1287 2080 ³;
1313 2042 1347 2073 V.
1364 2043 1415 2081 80,
1429 2051 1482 2083 ep.
1500 2042 1564 2083 19.)

767 2095 906 2128 23451.
927 2116 966 2121 -
984 2097 1113 2128 Nicolao
1128 2096 1164 2127 de
1181 2096 1359 2127 Lewenberc
1377 2105 1472 2137 prov.
1490 2105 1609 2128 canon.
1632 2096 1715 2128 eccl.
1735 2095 1901 2135 Opohen.,
1920 2095 2182 2128 Wratislavien.
2201 2094 2261 2132 di.,
2280 2094 2344 2127 sub

723 2161 819 2192 exsp.
841 2152 944 2192 praeb.
967 2169 1005 2174 —-
1029 2152 1055 2183 I.
1073 2160 1102 2182 e.
1123 2160 1168 2182 m.
1196 2150 1272 2182 abb.
1291 2151 1438 2182 monast.
1460 2150 1496 2181 in
1525 2149 1778 2186 Heinrichowe,
1817 2149 2078 2181 Wratislavien.
2096 2149 2155 2185 di.,
2188 2150 2220 2181 et
2237 2157 2342 2189 praep.

723 2215 750 2237 s.
769 2206 889 2238 Crucis
904 2214 1009 2246 prope
1023 2204 1300 2243 Wratislaviam,
1317 2213 1354 2235 ac
1366 2213 1454 2245 mag.
1467 2204 1610 2237 Nicolao
1624 2204 1665 2235 de
1680 2203 1826 2242 Fractis,
1837 2211 1910 2235 can.
1927 2203 2105 2235 Patracen.
2124 2203 2206 2235 eccl.
2221 2202 2274 2243 (A.
2290 2204 2342 2240 24,

723 2260 746 2292 f.
761 2262 801 2292 45
818 2265 846 2297 ³3
870 2259 903 2289 V.
917 2261 969 2296 80,
987 2268 1038 2299 ep.
1056 2260 1121 2297 25.)

770 2310 906 2343 23452.
922 2332 959 2336 --
976 2312 1059 2352 May.
1081 2312 1214 2343 Hem-ico
1232 2311 1268 2342 de
1284 2311 1477 2351 Lewenberc,
1497 2312 1577 2343 cler.
1597 2310 1860 2343 Wratislavien.
1878 2310 1939 2348 di.,
1958 2310 2066 2342 famil.
2086 2310 2275 2343 Wladislai
2292 2319 2342 2343 re-

722 2368 775 2408 gis
798 2367 960 2403 Poloniae‚
977 2366 1087 2406 gratia
1105 2375 1201 2406 exsp.
1224 2365 1335 2397 benef.
1353 2375 1379 2397 c.
1400 2374 1427 2397 c.
1445 2365 1500 2397 vel
1515 2369 1558 2406 (S.
1578 2374 1605 2397 c.
1626 2366 1663 2397 15
1683 2364 1810 2396 march.
1831 2365 1928 2405 arg.)‚
1945 2364 1981 2396 in
1997 2364 2090 2396 civit.
2109 2365 2164 2396 vel
2181 2364 2228 2396 di.
2243 2365 2342 2397 Wra-

722 2421 910 2458 tislavien.,
939 2421 980 2451 ad
1008 2420 1121 2451 collat.
1144 2420 1212 2459 ep.i
1239 2421 1271 2451 et
1291 2419 1392 2459 capit.
1411 2418 1674 2450 Wratislavien.
1691 2436 1731 2441 —
1756 2418 1782 2450 1.
1804 2427 1832 2450 e.
1850 2427 1896 2449 m.
1917 2418 1994 2450 abb.
2022 2419 2170 2450 monast.
2197 2418 2343 2456 Luben.,

722 2474 983 2506 Wratislavien.
998 2474 1060 2511 di.,
1078 2475 1110 2505 et
1124 2482 1228 2513 praep.
1245 2482 1272 2504 s.
1289 2473 1409 2505 Crucis
1422 2481 1527 2513 prope
1545 2472 1819 2510 Wratislaviam,
1837 2481 1875 2504 ac
1888 2472 2031 2505 Nicolao
2046 2472 2086 2504 de
2105 2473 2240 2504 Fractis
2258 2481 2340 2513 prae-

723 2529 825 2561 dicto.
843 2528 898 2569 (A.
920 2529 971 2565 24,
989 2527 1011 2559 f.
1032 2529 1071 2559 46
1089 2532 1117 2564 ⁸,
1140 2527 1175 2558 V.
1193 2528 1245 2564 80,
1262 2535 1313 2567 ep.
1333 2528 1390 2564 263
1407 2526 1565 2562 Theiuer,
1584 2525 1784 2557 Monumenta
1801 2525 1951 2557 historica
1968 2525 2118 2564 Poloniae,
2135 2528 2158 2558 t.
2176 2527 2203 2564 Ι,
2218 2536 2251 2567 p.
2267 2528 2341 2566 223,

722 2591 755 2614 n.
774 2581 1030 2621 CCCXLVIII.)

769 2633 906 2665 23453.
922 2653 960 2659 -
977 2634 1140 2666 Guillelmo
1163 2634 1200 2665 de
1221 2633 1386 2675 Bellzjjoco,
1411 2642 1483 2665 can.
1501 2632 1720 2672 Ambianen.,
1737 2634 1838 2673 Papae
1859 2642 1947 2674 cap„
1967 2633 2090 2666 indult.
2106 2635 2155 2672 ut,
2170 2643 2280 2675 usque
2298 2635 2341 2667 ad

723 2689 911 2722 triennium
927 2688 1110 2720 residendo
1128 2688 1164 2719 in
1181 2688 1297 2728 aliquo
1313 2687 1424 2720 benef.
1437 2696 1579 2719 suorum
1590 2687 1645 2719 vel
1663 2687 1878 2727 procurando
1890 2687 2131 2720 liberationem
2143 2696 2176 2719 n.
2193 2697 2225 2720 v.
2239 2688 2340 2721 Guis·

722 2743 839 2775 chardi
858 2742 930 2774 d.ni
953 2743 993 2774 de
1016 2742 1193 2782 Bellijoco,
1208 2741 1324 2773 fratris
1348 2741 1414 2780 sui,
1434 2741 1493 2782 qui
1511 2742 1547 2772 in
1565 2749 1699 2773 carcere
1719 2741 1844 2772 dicitur
1859 2741 2016 2780 detineri,
2038 2741 2170 2774 fructus
2186 2742 2341 2774 omnium

721 2797 834 2830 benef.
855 2805 996 2828 suorum
1014 2796 1146 2837 integre
1170 2796 1345 2836 percipere
1365 2795 1488 2827 valeat.
1510 2813 1548 2818 —
1566 2795 1592 2826 Ι.
1614 2803 1642 2827 e.
1665 2804 1711 2826 m.
1733 2794 1886 2826 sacristae
1904 2795 2119 2836 Lugdunen.‚
2139 2797 2171 2828 et
2188 2796 2339 2829 thesaur.

722 2853 930 2888 Lausanen„
957 2859 994 2882 ac
1020 2850 1193 2882 Ludovico
1210 2850 1250 2881 de
1271 2849 1477 2889 Porpreriis,
1506 2858 1579 2881 can.
1597 2849 1798 2890 Lugdunen.
1824 2848 1906 2881 eccl.
1923 2849 1977 2890 (A.
1995 2851 2047 2889 2⁴,
2073 2850 2095 2882 f.
2123 2851 2164 2883 49
2179 2855 2207 2888 *ς
2233 2850 2268 2882 V.
2287 2851 2340 2888 80,

722 2914 774 2946 ep.
791 2906 857 2943 33.)
1982 2938 1984 2941 ,

768 2955 903 2988 23454.
925 2977 961 2982 -
977 2958 1096 2990 Joanni
1111 2957 1148 2989 de
1162 2957 1298 2999 Beyriea
1319 2957 1471 2989 sacristae
1491 2956 1572 2988 eccl.
1590 2956 1767 2997 Bajonen.,
1786 2965 1863 2997 nep.
1879 2957 2060 2990 Guillelmi
2078 2958 2147 2998 ep.i
2163 2957 2338 2998 Sabinen.,

721 3012 846 3044 induit.
865 3013 903 3044 ut
926 3012 968 3043 ad
987 3011 1275 3052 quinquennium,
1301 3020 1319 3043 a
1335 3011 1402 3042 fine
1418 3010 1557 3042 triennii
1575 3010 1643 3051 ipsi
1663 3011 1734 3051 jam
1753 3011 1907 3043 concessi
1922 3012 2202 3052 computandum,
2220 3013 2256 3045 in
2277 3012 2339 3045 ali-
