2540 3496
307 358 346 386 (5¹3

340 445 443 473 Datum
461 441 644 473 Avenione.

385 761 420 787 18
436 760 493 786 dec.
514 758 588 785 1325
602 759 620 783 ¹.

382 805 435 840 (xv
451 803 509 830 kal.
525 802 600 838 jan.)

401 849 430 876 T.
447 848 493 880 XI,
509 847 580 873 XIII.

450 1079 482 1107 Ut
502 1088 525 1106 s.

397 1126 428 1152 T.
446 1125 490 1154 xl,
507 1124 578 1151 XIII.

376 1295 413 1322 19
430 1293 488 1321 dcc.
511 1292 595 1320 1325.

373 1340 435 1375 (x1v
451 1339 511 1366 kal.
525 1338 600 1374 jan.)

395 1384 426 1411 T.
446 1384 491 1417 XI,
506 1384 577 1410 XIII.

400 1524 406 1527 -
446 1509 482 1537 Ut
502 1517 525 1537 s.

413 1555 444 1582 Τ.
465 1554 559 1581 XXVI.

449 2049 481 2076 L't
504 2058 526 2075 s.

373 2094 419 2120 ‘'I‘.
440 2094 499 2124 ΧΗ,
517 2094 586 2121 XIV.

373 2586 411 2613 20
428 2586 487 2614 dcc.
509 2586 586 2614 1325
600 2588 620 2614 ².

372 2632 440 2667 (xm
456 2631 514 2660 kal.
530 2631 602 2667 jan.)

401 2677 432 2704 T.
450 2677 495 2710 XI,
512 2677 570 2704 XII.

370 2748 408 2775 21
426 2748 485 2776 dec.
507 2749 596 2778 1325.

378 2793 434 2829 (xu
449 2793 507 2821 kal.
521 2794 597 2830 jan.)

425 2839 456 2866 T.
476 2839 546 2866 XVI.

696 351 869 384 JOANNIS
894 351 1011 382 PAPAE
1034 350 1135 381 XXII.
1161 349 1410 389 (1316-1334).
1434 367 1472 371 -
1495 346 1682 378 LITTERAE
1706 344 1933 402 COMMUNEs

734 545 832 575 dente
850 543 903 574 bo.
925 551 989 573 me.
1012 541 1135 571 Petrus
1158 541 1191 571 et
1214 539 1335 571 deinde
1356 539 1518 576 JoanneS,
1536 538 1611 578 ejus
1635 546 1826 576 successor,
1844 538 1913 578 ep.i
1929 538 2135 577 Lausanen„
2153 532 2353 571 excommu?

735 597 863 628 nicatas
879 596 910 626 et
928 594 1126 626 interdictas
1143 592 1279 633 publice
1296 592 1515 630 nunciarunt,
1530 593 1563 623 et
1579 591 1681 623 bonis
1695 591 1769 623 suis
1783 591 1988 632 spoliarunt,
2003 601 2200 633 quanquam
2215 593 2346 625 monia-

735 650 785 681 les
802 650 834 680 et
851 649 996 679 monast.
1016 645 1192 687 praelibata
1211 655 1230 677 a
1249 645 1492 686 jurisdictione
1506 645 1591 677 dicti
1605 645 1674 686 ep.i
1691 645 1760 677 sint
1775 647 1947 686 exempta.
1962 646 2077 678 Mand.
2096 646 2239 687 insuper
2256 646 2346 679 dicto

733 702 918 734 Guillelmo
935 702 972 731 ut
986 701 1102 740 partes
1120 708 1234 731 coram
1249 700 1360 740 apost.
1377 700 1562 739 conspectu
1581 699 1674 731 citet.
1689 699 1744 740 (A.
1757 701 1809 738 24,
1827 699 1851 731 f.
1868 699 1930 732 270
1948 705 1977 737 ⁸3
2000 699 2036 732 V.
2054 700 2108 736 80,
2126 709 2178 741 ep.
2195 700 2281 741 409.)

778 751 913 783 24028.
933 771 972 777 -
985 753 1103 785 Joanm·
1120 753 1203 784 dicto
1221 752 1259 784 de
1270 752 1365 783 Horis
1378 752 1414 784 de
1432 752 1519 785 Vinti
1536 752 1647 793 gratia
1657 761 1755 794 exsp.
1769 752 1881 785 benef.
1901 754 1943 793 (c.
1957 762 1986 785 c.
1999 754 2040 786 80
2052 753 2106 786 vel
2119 763 2148 785 s.
2163 763 2192 786 c.
2203 754 2279 786 401.
2291 755 2345 794 t.),

733 809 775 840 ad
795 808 907 839 collat.
928 807 1046 838 decani
1069 809 1102 838 et
1129 807 1230 847 capit.
1247 807 1328 838 eccl.
1349 806 1604 845 Laudunensis,
1621 806 1656 838 in
1673 806 1765 839 dicta
1779 807 1876 845 ech,
1891 809 1949 839 aut
1967 807 2105 839 civitate
2123 807 2177 840 vel
2192 808 2239 840 di.
2258 808 2347 840 Lau-

733 863 856 893 dunen.
881 861 1034 892 vacantis
1058 861 1112 893 vel
1139 861 1291 893 vacaturi
1299 870 1308 898 ;
1325 869 1402 892 cum
1426 860 1634 901 obligatione
1658 861 1855 893 dimittendi
1874 861 2012 902 paroch.
2037 861 2117 893 eccl.
2138 861 2179 894 de
2197 862 2346 894 Landre-

732 916 834 952 chios,
854 915 1069 947 Cameracen.
1087 915 1133 947 di.
1148 933 1187 938 —
1206 915 1234 946 Ι.
1252 923 1281 947 e.
1296 923 1342 946 m.
1360 923 1436 955 ep.o
1456 914 1690 953 Atrebatensi,
1708 916 1742 947 et
1757 915 1885 947 decano
1901 924 1930 947 s.
1949 915 2127 948 Laurentii
2142 916 2184 948 de
2201 915 2343 954 Roseto,

732 969 930 1001 Laudunen.
957 969 1017 1007 di.,
1046 977 1084 1000 ac
1112 977 1201 1009 mag.
1225 969 1413 1001 Guillelmo
1437 969 1533 1010 Cayn
1556 969 1596 1001 de
1622 969 1893 1005 Montecornuto,
1920 978 1993 1001 can.
2025 970 2242 1002 cameracen.
2261 969 2342 1002 cccl.

732 1024 783 1062 (A.
800 1024 852 1060 24,
868 1023 890 1053 f.
908 1024 970 1055 490
989 1022 1019 1059 b;
1042 1022 1076 1054 V.
1090 1024 1142 1059 80,
1155 1032 1208 1063 ep.
1227 1024 1315 1062 976.)

777 1074 912 1106 24027.
933 1093 967 1099 -
985 1076 1162 1108 Raimundo
1184 1076 1333 1108 Aimerici
1349 1085 1445 1117 prov.
1464 1085 1585 1109 canon.
1610 1077 1692 1109 eccl.
1709 1077 1913 1109 Noviomen.
1933 1076 1997 1109 sub
2017 1085 2114 1118 exsp.
2135 1077 2240 1118 praeb.
2257 1077 2343 1110 inte-

730 1139 811 1171 grae;
831 1139 898 1162 non
913 1130 1000 1162 obst.
1012 1131 1048 1162 in
1063 1130 1144 1162 eccl.
1160 1130 1368 1163 Ulixbonen.
1387 1139 1507 1162 canon.
1524 1132 1556 1162 et
1571 1130 1690 1171 praeb.,
1708 1140 1747 1162 ac
1760 1130 1989 1171 echparoch.
2007 1139 2036 1163 s.
2053 1131 2259 1169 Fortunatoe,
2276 1131 2345 1164 Tu-

730 1185 845 1216 tellen.
861 1184 907 1215 di.
924 1202 962 1207 —
976 1185 1003 1216 I.
1022 1194 1050 1216 e.
1072 1193 1117 1215 m.
1138 1184 1247 1224 priori
1270 1185 1311 1216 de
1326 1184 1471 1222 Paredo,
1491 1184 1637 1216 AEduen.
1664 1184 1725 1221 di.,
1742 1185 1775 1216 et
1798 1184 1926 1217 archid.
1950 1184 2123 1225 Figiacen.
2148 1185 2342 1224 Caturcen.,

729 1248 767 1271 ac
781 1239 931 1270 Arnaldo
947 1239 988 1270 de
1001 1238 1181 1279 Peyrelha,
1198 1247 1272 1270 can.
1291 1239 1464 1270 Turonen.
1482 1238 1563 1270 eccl.
1582 1238 1636 1279 (A.
1650 1239 1702 1277 24,
1718 1238 1741 1269 f.
1758 1239 1819 1270 534
1838 1243 1867 1276 =;
1889 1237 1925 1270 V.
1944 1240 1996 1276 80,
2012 1247 2066 1279 ep.
2082 1240 2192 1279 1055.)

774 1289 914 1323 24028.
930 1310 968 1314 -
982 1292 1098 1324 Joanm'
1113 1297 1188 1323 nato
1210 1291 1340 1323 Henrici
1359 1292 1434 1323 dicti
1457 1291 1596 1330 Cleman,
1612 1300 1686 1324 can.
1708 1291 1859 1332 praeben.
1878 1292 1959 1324 eccl.
1980 1300 2010 1324 S.
2031 1292 2122 1325 Petri
2138 1293 2344 1334 Magnana„

730 1356 824 1387 prov.
846 1355 964 1378 canon.
983 1346 1047 1378 sub
1065 1355 1162 1386 exsp.
1189 1346 1294 1387 praeb.
1319 1346 1400 1378 eccl.
1419 1346 1652 1381 Fritzlarien.,
1674 1345 1865 1387 Maguntin.
1890 1345 1936 1378 di.
1956 1364 1995 1369 —-
2010 1346 2037 1378 Ι.
2052 1355 2082 1378 e.
2101 1355 2147 1379 m.
2170 1346 2345 1388 archiep.o

730 1400 977 1438 Ebredunensi,
995 1402 1027 1432 et
1047 1400 1177 1431 cantori
1200 1408 1228 1431 s.
1248 1399 1399 1431 Victoris
1416 1401 1514 1431 extra
1530 1408 1649 1431 muros
1665 1399 1868 1440 Maguntin.‚
1886 1408 1924 1431 ac
1939 1399 2065 1432 Joanni
2085 1400 2126 1432 de
2141 1400 2344 1443 Frideberg,

730 1464 803 1486 can.
821 1454 1007 1495 Muguntin.
1024 1454 1105 1485 eccl.
1123 1454 1177 1493 (A.
1191 1455 1242 1493 24,
1264 1453 1287 1484 f.
1305 1455 1367 1486 502
1383 1459 1411 1492 ²3
1436 1453 1470 1484 V.
1488 1454 1541 1492 80,
1558 1462 1610 1494 ep.
1627 1453 1719 1494 986.)

775 1506 912 1539 24029.
933 1527 970 1532 —
990 1508 1112 1540 Wikero
1129 1512 1201 1539 nato
1218 1507 1373 1549 quondam
1390 1508 1519 1539 Rubertz
1537 1507 1670 1539 Sculteti
1687 1508 1721 1539 in
1738 1507 1875 1549 Birqete,
1893 1508 1974 1540 cler.
1991 1508 2183 1549 Maguntin.
2199 1508 2264 1546 di.,
2286 1508 2347 1550 qui

726 1563 815 1604 Juris
841 1563 994 1595 canonici
1010 1564 1043 1594 et
1065 1562 1179 1594 civilis
1202 1562 1316 1598 studit)
1335 1561 1559 1594 laudabiliter
1582 1562 1721 1600 institit,
1749 1562 1921 1594 absolutio
1940 1561 1982 1594 ab
2005 1562 2223 1595 inhabilitate
2241 1571 2285 1595 ex
2304 1571 2345 1595 eo

730 1619 901 1649 contracta
929 1618 1010 1657 quia
1030 1617 1125 1651 olim,
1142 1623 1245 1647 xxvm
1259 1625 1387 1648 annum
1413 1616 1565 1647 nondum
1587 1623 1704 1657 agens,
1733 1616 1918 1657 quamdam
1945 1616 2113 1657 capellam
2142 1616 2179 1648 in
2206 1616 2346 1658 Bybera

729 1672 840 1713 primo
858 1681 896 1703 ac
910 1671 1130 1711 postmodum
1147 1681 1170 1702 11
1189 1671 1289 1702 annis
1303 1670 1358 1703 vel
1373 1670 1462 1702 circa
1480 1670 1620 1710 elapsis,
1639 1670 1744 1702 aliam
1760 1670 1927 1711 capellam
1943 1671 2079 1702 curatas
2094 1671 2130 1703 in
2146 1670 2344 1710 ovenbach,

729 1727 826 1758 dictae
841 1726 901 1763 di.,
920 1726 1098 1757 assecutus
1117 1726 1179 1761 est,
1195 1726 1228 1757 et
1242 1724 1348 1756 simul
1364 1733 1425 1764 per
1443 1735 1480 1756 111
1498 1733 1605 1756 annos
1620 1724 1676 1756 vel
1693 1725 1784 1756 circa
1795 1724 1906 1756 tenuit
1922 1724 2053 1756 fructus
2066 1725 2286 1766 percipiendo
2300 1733 2346 1758 ex

729 1780 796 1817 eis;
812 1780 958 1820 primam
974 1779 1140 1819 capellam
1156 1780 1233 1811 ante
1258 1779 1313 1811 vel
1330 1768 1454 1810 saltem
1475 1778 1566 1810 infra
1583 1779 1721 1819 tempus
1740 1778 1877 1810 constit.
1897 1786 2001 1819 super
2020 1778 2145 1819 plural.
2161 1778 2275 1811 benef.
2295 1779 2345 1811 di-

698 1842 699 1849 *
730 1834 836 1870 misit,
857 1835 890 1865 et
906 1834 1090 1865 secundam
1106 1833 1272 1873 capellam
1285 1842 1347 1874 per
1361 1833 1550 1864 triennium
1569 1832 1680 1864 tenuit
1697 1841 1764 1864 non
1779 1841 1815 1864 se
1834 1832 1964 1864 faciens
1981 1827 2074 1864 int'ra>
2087 1841 2226 1873 annum,
2246 1835 2284 1865 ut
2297 1835 2347 1866 te-

730 1888 885 1926 nebatur,
905 1888 962 1919 sed
982 1889 1059 1928 post
1075 1887 1253 1919 biennium
1270 1887 1306 1918 in
1320 1886 1568 1919 subdiaconum
1585 1886 1796 1927 promoveri;
1816 1886 1955 1919 demum
1972 1881 2070 1919 iIlam
2084 1886 2189 1919 etiam
2206 1886 2344 1920 dimisit

730 1943 762 1974 et
783 1942 854 1982 jam
876 1951 936 1982 per
961 1942 1235 1982 quinquennium
1258 1941 1386 1982 absque
1410 1941 1525 1981 aliquo
1544 1940 1656 1972 benef.
1679 1941 1881 1981 permansit.
1908 1941 1961 1980 (A.
1980 1942 2033 1979 24,
2056 1940 2080 1972 f.
2100 1942 2161 1974 505
2180 1941 2211 1979 ¹‘;
2234 1941 2271 1973 V.
2290 1943 2343 1980 80,

729 2005 782 2037 ep.
800 1996 887 2036 994.)

775 2048 911 2080 24030.
936 2069 974 2073 -
989 2049 1182 2081 Salamanno
1197 2054 1270 2080 nato
1286 2049 1439 2091 quondam
1460 2049 1591 2081 Ioannis
1604 2049 1681 2080 dicti
1704 2048 1830 2080 Cleman
1845 2057 1942 2089 prov.
1960 2057 2079 2081 canon.
2098 2049 2180 2081 eccl.
2203 2049 2347 2091 Magun-

729 2106 808 2137 tinae
826 2105 890 2137 sub
905 2114 1001 2145 exsp.
1021 2105 1139 2144 praeb„
1165 2104 1270 2145 dign„
1290 2105 1497 2145 personatus
1516 2111 1577 2135 seu
1600 2103 1656 2135 off.
1672 2112 1700 2135 c.
1717 2112 1745 2135 c.
1761 2103 1816 2135 vel
1839 2112 1867 2135 s.
1886 2112 1914 2135 c.
1934 2103 1978 2135 ad
1997 2103 2111 2135 collat.
2129 2103 2295 2145 archiep.i
2313 2106 2346 2137 et

729 2160 831 2200 capit.
858 2160 1061 2200 Maguntiu„
1078 2159 1113 2190 in
1131 2159 1221 2190 dicta
1243 2158 1323 2190 eccl.
1343 2158 1398 2190 vel
1422 2158 1514 2190 civit.
1536 2166 1597 2189 seu
1615 2157 1662 2189 di.
1682 2157 1890 2198 Maguntin.;
1917 2166 1985 2189 non
2006 2157 2093 2189 obst.
2118 2158 2210 2198 quod
2236 2166 2346 2199 super

729 2214 954 2254 praepositura
971 2215 1088 2245 curata
1111 2213 1192 2244 eccl.
1212 2221 1240 2244 s.
1257 2211 1421 2252 Stephani
1437 2212 1642 2252 Maguntin„
1662 2220 1765 2252 quam
1781 2211 1954 2243 dimittere
1967 2212 2114 2249 tenetur,
2129 2212 2162 2243 et
2176 2211 2218 2243 ad
2237 2220 2342 2252 quam

730 2268 858 2299 electus
882 2268 1007 2304 extitit,
1026 2269 1097 2298 tres
1116 2275 1178 2307 pro
1197 2275 1233 2298 se
1256 2266 1292 2297 in
1308 2266 1465 2298 Romana
1489 2265 1584 2297 curia
1606 2265 1808 2297 diffinitivas
1833 2265 2021 2297 sententias
2043 2265 2283 2305 reportaverit,
2302 2274 2342 2298 ac

730 2331 832 2362 super
848 2331 966 2353 canon.
992 2323 1024 2353 et
1042 2320 1147 2361 praeb.
1165 2320 1247 2352 eccl.
1266 2319 1500 2352 Wormacien.
1518 2320 1559 2351 de
1577 2319 1703 2360 quibus
1721 2320 1801 2351 tunc
1821 2319 1857 2350 in
1872 2319 1963 2351 dicta
1977 2318 2072 2350 curia
2095 2327 2169 2351 vac.
2190 2328 2252 2360 per
2273 2319 2344 2352 litt.

729 2379 836 2416 apost.
856 2376 1016 2416 provisus
1029 2377 1093 2413 est,
1110 2375 1146 2406 in
1163 2374 1237 2406 ead.
1259 2373 1353 2406 curia
1367 2373 1495 2414 litiget3
1513 2374 1546 2405 et
1564 2373 1756 2405 custodiam
1772 2373 1870 2405 dictae
1887 2372 1968 2405 eccl.
1982 2373 2112 2404 s.Petri
2128 2382 2156 2404 c.
2175 2382 2216 2411 c.,
2234 2381 2339 2414 quam

728 2431 902 2470 hucusque
917 2430 1039 2467 tenuit,
1058 2437 1167 2470 usque
1187 2428 1231 2460 ad
1250 2437 1357 2459 unum
1375 2436 1503 2459 annum
1520 2428 1614 2467 Papa
1630 2427 1697 2467 ipsi
1713 2427 1946 2459 commendari
1963 2427 2191 2458 mandaverit.
2209 2445 2246 2451 —
2263 2427 2294 2459 I.
2312 2435 2343 2459 e.

730 2494 774 2516 m.
790 2494 877 2524 mag.
895 2484 1020 2516 Jacobo
1046 2484 1087 2515 de
1114 2483 1256 2520 Mutina,
1274 2483 1376 2523 Papae
1393 2490 1481 2522 cap.,
1509 2481 1657 2518 Tullen.‚
1676 2482 1708 2512 et
1733 2489 1761 2512 s.
1778 2481 1879 2512 Pauli
1904 2481 2109 2518 scolasticis,
2138 2489 2176 2512 ac
2208 2481 2344 2514 cantori

729 2548 757 2570 s.
777 2539 920 2571 Andreae
938 2537 1213 2570 Wormaciensis
1229 2536 1310 2568 eccl.
1325 2536 1379 2577 (A.
1397 2537 1448 2573 25,
1465 2535 1489 2566 f.
1507 2536 1569 2568 219
1582 2540 1611 2572 ³3
1635 2534 1668 2566 V.
1684 2536 1737 2573 81,
1755 2544 1808 2575 ep.
1827 2534 1941 2575 2000.)

773 2590 909 2623 24031.
930 2610 968 2615 -
1004 2591 1124 2623 Wilcero
1143 2595 1214 2622 nato
1239 2590 1393 2632 quondam
1418 2589 1543 2621 Roberei
1560 2588 1699 2621 Sculcetae'
1718 2589 1749 2620 in
1769 2588 1894 2630 Biryele
1910 2598 2006 2629 prov.
2023 2597 2141 2621 canon.
2161 2588 2226 2621 sub
2242 2597 2345 2630 exsp.

728 2647 831 2687 prael).
856 2647 936 2678 eccl.
959 2655 986 2678 s.
1003 2645 1148 2678 Andreae
1165 2644 1451 2677 Wormaciensis.
1470 2661 1509 2667 —
1533 2643 1561 2676 Ι.
1583 2652 1613 2676 e.
1631 2652 1677 2675 m.
1695 2643 1867 2683 archiep.o
1887 2642 2138 2681 Ebredunensi,
2162 2644 2195 2675 et
2211 2642 2345 2675 cantori

729 2710 757 2732 s.
774 2701 881 2740 Petri,
899 2710 936 2732 ac
949 2701 1074 2732 Joanni
1087 2701 1128 2731 de
1145 2698 1343 2739 Frideberg,
1363 2707 1437 2730 can.
1453 2698 1661 2739 Maguntinae
1677 2697 1758 2730 eccl.
1771 2697 1823 2737 (A.
1836 2698 1887 2733 24,
1904 2697 1927 2728 t'.
1938 2698 1998 2729 498
2019 2696 2049 2735 b3
2067 2697 2104 2729 V.
2120 2698 2172 2735 80,
2187 2706 2240 2738 ep.
2254 2698 2342 2737 971.)

774 2752 910 2784 24032,
928 2774 965 2778 -
985 2754 1104 2785 Thomae
1118 2753 1157 2785 el.
1179 2753 1337 2794 Raqusino
1353 2761 1446 2785 conc.
1465 2752 1609 2793 pallium
1623 2760 1684 2793 per
1699 2751 1898 2783 Tribunien.
1915 2752 1948 2783 et
1964 2752 2121 2784 Cataren.
2139 2759 2236 2792 ep.os
2255 2751 2346 2783 assi·
2380 2784 2411 2795 *-

728 2809 911 2849 gnandum.
938 2809 990 2847 (A.
1007 2810 1059 2846 24,
1086 2808 1108 2839 f.
1123 2809 1182 2840 268
1198 2813 1226 2846 8;
1249 2807 1286 2839 V.
1309 2808 1362 2845 80,
1377 2815 1430 2847 ep.
1450 2807 1529 2842 4053
1547 2806 1706 2844 Theiner,
1726 2804 1923 2837 Monumenta
1942 2810 2042 2837 vetera
2061 2804 2229 2836 Slavorum
2245 2804 2343 2836 Meri-

729 2863 911 2901 dionalium,
930 2865 954 2894 t.
971 2863 998 2899 Ι,
1015 2872 1048 2903 p.
1068 2864 1137 2900 162,
1153 2871 1187 2893 n.
1204 2861 1355 2901 CCXII.)

778 3008 782 3013 .
799 2989 833 3014 R.
850 2989 884 3015 V.
902 2997 933 3012 --
949 2996 986 3014 xv
1004 2988 1064 3014 kal.
1082 2987 1241 3013 februarii.

802 3034 825 3059 R
850 3034 883 3059 V.
903 3043 933 3058 =
950 3041 1005 3058 x111
1022 3033 1080 3059 kal.
1100 3033 1257 3059 februarii.
