2540 3496
189 413 293 442 natum
314 405 500 441 Avenione.

233 994 271 1021 27
290 993 347 1022 dec.
372 992 460 1021 1326.

243 1038 286 1074 (Π
303 1038 361 1066 kal.
376 1036 451 1074 jan.)

202 1082 233 1111 T.
254 1082 290 1110 XI
303 1081 355 1116 ¹l2,
369 1080 430 1109 XIII
446 1082 495 1115 ¹12.

313 1368 349 1397 Ut
363 1377 389 1396 s.

260 1413 291 1441 T.
308 1413 355 1447 xl,
366 1413 441 1442 XIII.

315 1528 350 1555 Ut
367 1536 391 1555 s.

296 1573 326 1600 T.
347 1573 404 1600 XX.

242 1687 282 1716 28
299 1688 359 1717 dec.
381 1688 469 1716 1326.

257 1732 288 1769 (v
303 1733 362 1760 kal.
378 1732 454 1769 jan.)

300 1777 331 1804 T.
352 1777 407 1805 XL.

316 1903 352 1931 Ut
373 1912 396 1930 s.

296 1948 326 1975 T.
347 1948 417 1976 XVI.

318 2065 354 2092 Ut
377 2073 402 2093 s.

324 2279 359 2307 Ut
379 2288 403 2307 s.

269 2325 302 2354 T.
317 2325 364 2356 XI,
382 2325 453 2353 XIII.

325 2546 361 2574 Ut
377 2555 400 2574 s.

271 2592 301 2619 T.
320 2592 366 2622 XI.
383 2591 455 2619 XIII.

251 2761 291 2789 29
310 2761 369 2790 dec.
390 2760 478 2789 1326.

224 2809 226 2811 '
262 2806 304 2841 (iv
320 2805 379 2834 kal.
395 2805 471 2842 jan.)

310 2850 340 2878 T.
361 2849 416 2878 XL.

328 2921 365 2950 Ut
385 2930 409 2949 s.

214 2978 223 2987 ·
271 2967 302 2994 T.
320 2967 380 3001 XII,
396 2967 467 2994 XIV.

556 320 730 351 JOANNIS
753 320 872 351 PAPAE
893 321 996 353 XXII.
1021 323 1271 361 (1316-1334).
1295 341 1333 346 —
1355 323 1541 354 LITTERAE
1564 323 1789 354 COMMUNES
2128 325 2188 355 403

589 512 762 543 maritima
777 513 911 552 ripariae
927 513 1113 545 «Ianuensis
1131 515 1219 546 inter
1232 524 1259 546 s.
1277 516 1463 547 Romulum
1482 518 1514 547 et
1536 518 1672 557 portum
1688 517 1844 548 Monachi
1860 526 1937 548 cum
1954 516 2065 558 tribus
2084 516 2192 556 galeis

589 565 823 597 saonensibus
839 567 924 597 duas
938 567 1054 606 galeas
1071 568 1214 599 Pisanas
1234 572 1396 608 ceperunt
1412 571 1444 600 et
1461 579 1548 610 mag.
1566 571 1713 601 Bindum
1727 571 1766 602 de
1782 571 1892 608 Senis,
1911 579 2015 610 praep.
2035 570 2116 601 eccl.
2133 570 2192 601 Co-

588 618 766 656 loniensis,
783 619 848 650 PP.
868 619 1049 658 notarium,
1068 621 1126 660 qui
1144 621 1277 653 dicebat
1292 622 1513 654 exclamando
1528 632 1564 654 se
1580 624 1750 655 notarium
1765 624 1865 664 Papae
1878 624 2037 661 existere,
2054 632 2132 655 cum
2147 623 2192 654 fa-

589 672 685 703 milia
704 681 766 703 sua
783 674 815 703 et
830 673 949 703 multis
963 673 1042 704 aliis
1057 682 1165 713 usque
1183 675 1226 705 ad
1242 684 1421 706 numerum
1438 678 1617 707 centenum
1633 677 1674 707 ad
1694 686 1868 708 romanam
1884 677 2014 708 curiam
2028 677 2194 709 venienti·
2231 697 2233 699 ·

589 725 654 756 bus
685 735 700 755 α
729 735 838 766 usque
857 726 899 757 ad
923 726 1090 768 interulas
1118 727 1375 759 denudaverunt
1395 738 1409 758 »
1434 730 1466 760 et
1483 738 1600 760 eorum
1621 730 1757 770 aliquos
1779 731 2006 768 trucidarunt3
2038 730 2195 762 eumdem

589 779 738 811 Bindum
754 779 894 819 insuper
909 780 1017 810 sacr-is
1042 781 1267 818 ornamentis,
1287 781 1491 812 authenticis
1516 782 1626 819 libris,
1644 784 1735 814 vasis
1750 783 1918 823 argenteis
1933 783 2101 823 rebusque
2119 784 2194 823 plu-

591 833 690 864 rimis
706 833 868 873 pretiosis
885 833 925 864 ad
944 834 1038 865 2000
1065 833 1138 864 flor.
1159 834 1234 864 auri
1258 835 1291 865 et
1311 834 1461 874 amplius
1486 836 1635 866 valorem
1653 837 1914 867 ascendentibus
1928 837 2197 876 depredaverunt

591 888 625 918 et
647 895 763 918 secum
779 888 915 926 captum
943 896 980 918 ac
1005 897 1021 918 «
1042 895 1151 927 usque
1172 887 1215 918 ad
1233 887 1411 918 camisiam
1439 898 1454 917 »
1477 889 1685 920 denudatum
1702 890 1883 921 duxerunt.
1901 891 1953 931 (A.
1979 892 2029 927 26,
2046 890 2068 922 f.
2087 892 2147 922 339
2164 890 2196 926 1’;

598 940 634 972 V.
654 941 706 976 82,
723 949 775 980 ep.
791 941 877 979 483.)

639 991 775 1022 27391.
791 1012 829 1017 -
847 993 1000 1035 Philippo
1016 994 1053 1024 de
1074 994 1332 1032 Chambarlhaco,
1350 994 1447 1035 legum
1462 995 1642 1035 professori,
1661 996 1796 1027 collatio
1815 1005 1932 1028 canon.
1949 998 1982 1028 et
1997 997 2099 1036 praeb.
2117 996 2197 1028 eccl.

593 1048 783 1085 Mimaten.,
799 1057 859 1088 per
877 1047 1007 1079 obitum
1023 1057 1111 1088 mag.
1130 1048 1273 1079 Joannis
1297 1048 1455 1085 Deodati,
1478 1048 1564 1079 alias
1579 1049 1661 1079 dicti
1680 1049 1916 1088 Provincialis‚
1935 1051 1970 1081 in
1986 1050 2088 1088 Urbe,
2104 1050 2138 1082 S.
2155 1051 2195 1081 A.

593 1101 721 1140 nuncii,
739 1101 829 1142 apud
844 1101 960 1133 sedern
975 1101 1129 1133 eamdem
1151 1102 1278 1142 praevia
1301 1102 1451 1142 generali
1468 1110 1594 1133 reserv.
1614 1111 1700 1137 vac..
1720 1111 1787 1134 non
1800 1103 1887 1134 obst.
1904 1103 1939 1134 in
1955 1104 2035 1135 eccl.
2053 1113 2081 1135 s.
2097 1104 2198 1135 Fron-

593 1154 685 1186 tonis
702 1155 952 1196 Petragoricen.
970 1163 1088 1186 canon.
1105 1157 1138 1187 et
1153 1155 1269 1195 praeb.,
1289 1157 1322 1187 et
1337 1155 1447 1196 gratia
1462 1163 1558 1195 exsp.
1573 1155 1684 1187 benef.
1701 1156 1890 1188 ecclesiast.
1907 1165 1935 1188 c.
1953 1166 1979 1188 c.
1998 1157 2053 1188 vel
2067 1166 2094 1188 s.
2111 1166 2139 1188 c.
2157 1157 2201 1188 ad

594 1208 856 1248 dispositionem
873 1209 942 1249 ep.i
957 1209 990 1240 et
1008 1209 1107 1248 capit.
1129 1209 1380 1249 petragoricen.
1400 1209 1539 1248 pertin.‚
1558 1209 1687 1240 consid.
1706 1209 1848 1240 Arnaldi
1870 1219 1897 1241 S.
1919 1210 2094 1242 Eustachii
2114 1210 2200 1241 diac.

595 1262 686 1293 card.
706 1278 743 1283 —
762 1263 789 1293 I.
818 1271 847 1294 e.
876 1271 922 1293 m.
939 1262 1081 1300 cantori,
1109 1264 1143 1294 et
1157 1262 1307 1295 Guidoni
1325 1263 1365 1294 de
1384 1263 1579 1300 Novavilla,
1597 1271 1669 1294 can.
1700 1263 1965 1303 petragoricen„
1981 1265 2081 1304 atque
2099 1264 2202 1295 Iterio

595 1315 636 1347 de
650 1315 880 1356 MasayroliiS,
897 1324 970 1347 can.
990 1316 1206 1361 Lemovicen.
1227 1316 1308 1347 eccl.
1329 1316 1380 1355 (A.
1397 1317 1447 1351 26,
1467 1314 1490 1346 f.
1508 1317 1567 1348 394
1585 1322 1613 1354 ³3
1643 1316 1675 1347 V.
1694 1318 1746 1354 82,
1761 1325 1814 1356 ep.
1831 1317 1917 1355 587.)

642 1366 776 1398 27392.
795 1387 833 1391 -
852 1368 976 1400 Odardo
990 1369 1027 1400 de
1038 1369 1182 1400 Excubia
1198 1378 1293 1409 prov.
1310 1378 1428 1400 canon.
1446 1369 1510 1400 sub
1525 1378 1620 1409 exsp.
1641 1369 1743 1409 praeb.
1761 1370 1841 1401 eccl.
1862 1370 2119 1408 Macloviensis;
2138 1379 2204 1402 non

596 1422 684 1455 obst.
703 1431 798 1462 perp.
813 1422 979 1454 vicariatu
995 1423 1030 1453 in
1050 1423 1131 1454 eccl.
1148 1423 1342 1454 Mercatalis
1359 1423 1619 1463 Appamiarum.
1637 1442 1675 1446 —
1689 1423 1715 1454 I.
1731 1432 1760 1454 e.
1780 1432 1825 1454 m.
1841 1423 2010 1463 archiepo
2021 1424 2202 1460 Tolosano,

596 1477 629 1508 et
647 1476 817 1508 Parisien.
834 1485 872 1507 ac
887 1476 1103 1516 Mirapiscen.
1125 1475 1223 1516 ep.is.
1240 1477 1293 1517 (A.
1312 1478 1362 1512 26,
1381 1476 1402 1507 f.
1422 1478 1482 1508 443
1497 1482 1510 1498 ²
1524 1478 1557 1508 et
1573 1478 1632 1508 446
1652 1482 1681 1514 ³3
1706 1476 1739 1508 V.
1751 1478 1803 1514 82,
1821 1486 1873 1517 ep.
1893 1477 1980 1517 699.)

644 1527 780 1559 27393.
801 1549 838 1553 —
859 1529 944 1571 E'p.o
971 1530 1213 1571 Appamiarum,
1233 1534 1261 1560 ct
1287 1529 1405 1560 decano
1435 1530 1649 1571 Enyolismen.
1670 1541 1705 1560 ac
1728 1530 1863 1562 thesaur.
1881 1530 2004 1562 Albim.
2020 1531 2131 1561 mand.
2146 1539 2207 1570 pro

597 1584 790 1623 receptione
807 1583 947 1624 Rogerii
961 1584 1002 1615 de
1016 1583 1198 1624 Lupoalto,
1217 1584 1332 1615 clerici
1345 1585 1464 1616 Riven.
1485 1584 1544 1622 di.,
1562 1584 1596 1615 in
1613 1593 1702 1616 mon.
1720 1585 1867 1616 monast.
1886 1584 2057 1621 Lesaten.,
2072 1584 2208 1615 Clunia-

598 1646 670 1669 cen.
689 1637 774 1674 ord.‚
792 1637 900 1677 eJ‘usd.
918 1637 964 1668 di.
982 1637 1036 1678 (A.
1055 1638 1107 1675 27,
1129 1637 1152 1669 f.
1173 1639 1207 1668 11
1226 1643 1256 1674 ις
1278 1637 1310 1669 V.
1328 1639 1379 1674 83,
1396 1647 1449 1678 ep.
1469 1639 1573 1676 1067.)

646 1688 781 1719 27394.
802 1708 840 1714 -
855 1690 1121 1733 Archiepiscopus
1137 1691 1371 1731 Salzeburqen..
1386 1696 1413 1722 el
1431 1691 1733 1732 Quinqueecclesien.
1750 1702 1784 1723 ac
1807 1691 1993 1733 Vesprimen.
2012 1691 2076 1732 ep.i
2088 1692 2210 1722 dantur

600 1746 637 1776 ut
661 1744 793 1788 judices
816 1746 1073 1776 conservatores
1098 1745 1259 1776 Ladislao
1284 1745 1391 1776 electo
1425 1745 1658 1785 Zagabriensi,
1688 1746 1731 1777 ad
1760 1746 2043 1786 quinquennium.
2073 1745 2127 1785 (A.
2158 1746 2210 1782 26,

602 1798 624 1829 f.
653 1800 710 1829 177
733 1798 764 1834 b;
790 1797 824 1828 V.
851 1799 904 1835 82,
930 1807 983 1838 ep.
1009 1800 1085 1835 5133
1115 1798 1274 1836 Theiner,
1300 1799 1500 1830 Monumenccz
1525 1799 1674 1829 historica
1701 1799 1883 1840 Hunqariae,
1901 1800 1925 1831 t.
1946 1799 1974 1837 Ι,
1990 1808 2022 1839 p.
2048 1801 2119 1835 509,
2137 1799 2199 1830 doc

602 1852 894 1891 DCCLXXXIV.)

648 1902 787 1935 27395.
818 1924 855 1928 -
881 1905 1048 1947 Archiep.o
1064 1905 1221 1936 Lundensi
1240 1906 1425 1938 hortatoria
1446 1908 1492 1943 ut,
1510 1907 1675 1947 exigendo
1699 1916 1718 1938 a
1737 1908 1866 1938 Joanne
1881 1915 1957 1947 ep.o
1978 1906 2212 1944 Roskildensi‚

603 1959 715 1999 ipsius
731 1959 957 1999 suffraganeo,
975 1959 1170 1991 subsidium
1188 1960 1256 1999 ipsi
1274 1961 1361 1991 auct.
1390 1961 1498 2000 apost.
1525 1969 1737 1998 concessum,
1756 1962 1834 2001 agat
1855 1960 2122 1992 misericorditer
2138 1968 2213 1991 cum

604 2013 734 2044 eodem.
752 2012 804 2053 (A.
821 2014 871 2050 26,
893 2013 916 2043 f.
935 2014 995 2044 350
1010 2013 1039 2049 b,·
1063 2013 1099 2045 V.
1115 2014 1166 2051 82,
1185 2022 1238 2053 ep.
1256 2014 1342 2052 518.)

633 2075 635 2077 ·
650 2063 788 2096 27396.
807 2083 845 2088 -
862 2066 1013 2108 Philippo
1030 2066 1066 2097 de
1082 2065 1329 2098 Ckambarlhaco
1345 2076 1440 2107 prov.
1458 2076 1578 2100 canon.
1596 2069 1629 2099 et
1645 2067 1748 2107 praeb.
1760 2067 1910 2099 basilicae
1922 2067 2094 2107 Principis
2109 2067 2216 2106 Apos-

604 2119 752 2150 tolorum
769 2119 810 2151 de
826 2119 929 2157 Urbe,
944 2120 1138 2152 vacantium
1155 2122 1191 2152 ut
1208 2129 1312 2160 supra
1327 2122 1464 2152 notatur
1481 2122 1525 2160 (n.
1545 2123 1678 2160 27391);
1697 2130 1764 2153 non
1780 2121 1866 2153 obst.
1892 2121 2018 2153 recenti
2037 2120 2216 2152 collatione

605 2181 724 2204 canon.
740 2174 772 2204 et
792 2173 894 2213 praeb.
916 2174 997 2205 eccl.
1016 2174 1242 2205 Mimatensis.
1263 2191 1303 2197 —
1322 2174 1349 2205 Ι.
1369 2183 1397 2205 e.
1420 2183 1464 2205 m.
1486 2177 1523 2206 ut
1546 2184 1586 2211 s.‚
1607 2184 1640 2206 n.
1667 2176 1780 2206 27391.
1807 2175 1860 2214 (A.
1876 2176 1927 2210 26,
1947 2175 1970 2205 f.
1991 2176 2051 2206 394
2067 2174 2095 2211 b;
2116 2173 2148 2205 V.
2164 2174 2215 2212 82,

606 2235 658 2266 ep.
677 2227 764 2265 588.)

651 2277 789 2309 27397.
807 2299 846 2303 -
862 2281 948 2322 Maq.
965 2279 1131 2312 Canlzardo
1143 2280 1180 2311 de
1194 2280 1389 2319 Sabalhano,
1406 2281 1442 2311 L.
1462 2281 1513 2318 D„
1527 2282 1664 2314 collatio
1682 2291 1800 2314 canon.
1820 2282 1883 2313 sub
1902 2290 1998 2321 exsp.
2017 2281 2119 2321 praeb.
2137 2281 2216 2312 eccl.

607 2334 836 2366 Conseranen.
853 2334 888 2365 in
907 2343 985 2374 qua,
1002 2334 1083 2366 licet
1101 2335 1146 2366 sit
1162 2336 1274 2366 certus
1295 2344 1368 2366 can.
1389 2344 1565 2374 numerus,
1587 2335 1689 2376 praeb.
1709 2337 1821 2367 tamen
1839 2335 2016 2367 distinctio
2035 2344 2101 2366 non
2122 2334 2219 2366 habe-

607 2389 673 2424 tur,
697 2388 757 2419 sed
782 2387 1007 2428 privilegiatae
1033 2388 1208 2428 portiones
1235 2388 1404 2426 existunt;
1432 2397 1498 2420 non
1526 2389 1613 2421 obst.
1645 2389 1856 2429 archipresb.
1885 2390 1927 2420 de
1955 2389 2217 2425 Monteastruco,

607 2441 784 2472 Tolosanae
797 2441 858 2478 di.,
876 2442 908 2473 et
923 2441 959 2472 in
983 2441 1064 2473 eccl.
1087 2441 1230 2473 Rivensi
1246 2451 1364 2474 canon.
1385 2442 1449 2474 sub
1467 2451 1564 2483 exsp.
1583 2443 1687 2483 praeb.
1707 2461 1746 2466 —-
1762 2443 1788 2474 Ι.
1809 2452 1837 2474 e.
1856 2452 1901 2474 m.
1921 2442 2104 2477 Tolosano,
2122 2441 2219 2472 Lum-

606 2494 735 2527 berien.
757 2496 857 2535 atque
874 2494 1001 2526 archid.
1020 2495 1141 2527 Riven.
1160 2496 1240 2526 eccl.
1260 2496 1378 2533 (A.26,
1397 2495 1419 2526 f.
1437 2498 1498 2528 409
1512 2502 1541 2533 ³3
1564 2496 1600 2528 V.
1617 2498 1668 2535 82,
1688 2506 1740 2537 ep.
1759 2498 1844 2536 618.)

653 2544 790 2577 27398.
814 2565 852 2571 -
882 2547 1049 2579 Guillelmo
1068 2548 1243 2586 Ademarii,
1262 2548 1341 2580 cler.
1371 2549 1586 2581 Lemovicen.
1606 2550 1665 2587 di.,
1685 2551 1793 2590 gratia
1811 2559 1905 2590 exsp.
1934 2549 2044 2581 benef.
2064 2558 2092 2579 c.
2113 2557 2140 2578 c.
2167 2546 2220 2578 vel

609 2610 637 2633 s.
657 2610 684 2633 c.
701 2601 792 2642 (801.
809 2602 848 2642 t.)
867 2602 903 2633 in
917 2602 1011 2633 civit.
1029 2602 1079 2633 vel
1093 2602 1138 2633 di.
1156 2602 1398 2634 Montisalban.
1416 2619 1453 2624 —
1468 2603 1494 2635 1.
1509 2612 1538 2634 e.
1557 2612 1602 2634 m.
1619 2604 1747 2635 archid.
1763 2603 1941 2636 Silviniaci
1955 2602 2219 2636 claromonten..

609 2656 642 2686 et
662 2655 843 2695 Radulpho
864 2655 1008 2691 Lafiera,
1034 2664 1107 2687 can.
1130 2655 1279 2692 Albien.,
1298 2665 1335 2687 ac
1357 2656 1498 2687 officiali
1514 2657 1673 2689 Tolosan.
1702 2657 1781 2688 eccl.
1804 2657 1861 2695 (A.
1881 2658 1932 2694 26,
1950 2656 1972 2686 f.
1991 2657 2047 2687 441
2066 2659 2094 2691 a;
2116 2653 2151 2685 V.
2168 2654 2219 2689 822

611 2717 663 2748 ep.
679 2709 767 2747 695.)

658 2759 795 2791 27399.
811 2778 848 2786 -
865 2762 974 2803 Ep.us
988 2762 1214 2804 Razeburqen.,
1232 2769 1260 2794 et
1280 2763 1423 2800 Verden.‚
1443 2774 1479 2795 ac
1495 2774 1519 2794 s.
1537 2764 1637 2795 Blasii
1652 2765 1685 2795 in
1701 2763 1891 2801 Brunswich,
1908 2761 2144 2793 Hildesemensis
2162 2760 2219 2799 di.,

612 2816 686 2846 eccl.
697 2815 806 2846 decani
819 2816 945 2847 dantur
959 2817 997 2848 ut
1009 2817 1145 2856 judices
1161 2820 1420 2849 conservatores
1438 2818 1480 2848 ad
1494 2818 1765 2858 quinquennium
1781 2816 1904 2849 Joanni
1919 2824 1995 2855 ep.o
2010 2813 2219 2846 Zverinensi.

616 2869 668 2910 (Α.
697 2869 867 2906 26,f.178
883 2869 915 2906 ιη
937 2869 969 2900 V.
985 2871 1037 2908 82,
1056 2879 1107 2910 ep.
1123 2871 1210 2910 514.)

660 2920 798 2953 27400.
826 2941 865 2946 -
898 2923 1083 2954 Bertrando·
1106 2924 1143 2955 de
1167 2924 1337 2955 Leomania
1364 2924 1534 2955 indultum
1559 2924 1770 2963 percipiendi
1792 2923 1920 2954 fructus
1941 2922 2092 2953 omnium
2110 2921 2219 2952 benef.

617 2985 758 3008 suorum
781 2976 910 3017 absque
929 2977 1125 3015 residentia,
1143 2978 1185 3009 ad
1198 2977 1396 3015 triennium,
1419 2978 1610 3008 insistendo
1628 2977 1741 3008 studio
1766 2977 1831 3007 litt.
1850 2976 1885 3006 in
1906 2976 1978 3007 loco
1997 2975 2055 3006 ubi
2072 2975 2156 3005 illud
2172 2974 2222 3005 vi-

615 3031 690 3070 geat
707 3030 864 3070 generale
884 3030 937 3062 vel
955 3031 990 3062 in
1006 3031 1122 3071 aliquo
1137 3031 1250 3063 benef.
1270 3040 1412 3062 suorum
1432 3031 1623 3062 residendo.
1649 3047 1685 3053 -
1700 3030 1726 3060 Ι.
1748 3038 1777 3061 e.
1801 3038 1846 3060 m.
1864 3028 1978 3060 abbati
1994 3029 2107 3060 saecul.
2123 3028 2156 3060 S.
2176 3028 2221 3060 M.
