2540 3496
212 437 317 464 Datum
339 432 522 464 Avenione.

257 539 296 567 24
311 547 375 575 apr.
395 538 482 567 1327.

236 585 310 620 tvm
326 584 385 612 kal.
408 582 503 618 maii.)

315 628 346 656 T.
365 628 421 658 Lx.

256 753 294 782 25
309 762 373 790 apr.
395 753 484 783 1327.

248 803 304 834 (vn
321 799 380 827 kal.
399 797 494 830 maii.)

298 844 328 871 T.
346 843 439 871 XXIV.

256 969 297 996 26
313 977 375 1004 apr.
398 968 484 998 1327.

255 1015 299 1050 (v1
316 1013 376 1042 kal.
392 1012 487 1050 maii.)

291 1059 322 1087 T.
340 1059 372 1092 L,
392 1059 451 1088 LII.

329 1184 364 1212 Ut
384 1193 408 1212 s.

253 1230 303 1259 Gr.
323 1237 375 1265 pro
395 1229 486 1260 socio.

328 1291 365 1319 Ut
388 1299 413 1319 s.

320 1336 351 1363 T.
366 1335 424 1363 XX.

333 1719 370 1747 Ut
387 1727 411 1747 s,

272 1764 305 1791 T.
322 1764 381 1798 ΧΠ,
396 1763 468 1792 XIV.

334 1987 371 2015 Ut
390 1996 414 2015 s.

283 2033 315 2060 T.
334 2032 380 2067 XI,
393 2032 466 2060 xm.

337 2311 373 2339 Ut
389 2319 417 2341 s-

220 2380 223 2384 ,
254 2357 311 2387 ‹Gr.
333 2364 385 2392 pro
403 2355 491 2385 socio.

339 2688 375 2716 Ut
392 2696 417 2716 s.

580 342 755 374 JOANNIS
778 342 897 373 PAPAE
920 343 1021 374 XXII.
1046 343 1292 384 (1816-1334).
1316 361 1355 367 ——
1377 343 1564 375 LITTERAE
1588 343 1814 375 COMMUNES
2167 346 2227 376 515

660 534 801 566 28522.
817 555 856 559 -
873 537 976 575 Petro,
995 537 1064 568 abb.
1081 542 1210 569 monast.
1234 537 1390 575 Cluniae„
1408 538 1611 569 Matisconen.
1633 537 1691 575 di.,
1711 537 1812 569 facul.
1834 538 1991 569 mutuum
2007 536 2228 568 contrahendi

615 599 725 630 usque
743 591 784 622 ad
805 599 975 622 summam
998 592 1094 623 6.000
1116 592 1233 623 floren.
1255 592 1330 623 auri
1346 601 1408 632 pro
1426 592 1572 632 negotiis
1592 601 1647 632 ap.
1665 592 1698 623 S.
1721 592 1763 623 A.
1787 590 2023 631 expediendis,
2044 591 2228 622 dummodo

616 644 745 675 dictum
759 646 905 676 monast.
921 645 1013 676 ultra
1028 645 1298 685 quinquennium
1315 654 1382 677 non
1398 647 1572 677 remaneat
1586 645 1788 686 obligatum.
1805 645 1860 686 (A.
1877 646 1928 683 27,
1949 645 1972 676 f.
1993 646 2053 677 340
2066 644 2101 682 ὓς
2122 644 2158 676 V.
2175 646 2228 682 83,

617 706 670 737 ep.
691 699 797 736 1888.)

661 748 798 780 28523.
818 770 857 774 -
875 752 961 793 Epa
986 752 1216 783 Wratislavien.
1242 753 1354 784 mand.
1376 755 1413 784 ut
1435 753 1527 793 dign.
1545 753 1598 784 vel
1615 754 1836 792 personatum
1851 753 1931 784 eccl.
1947 762 1974 783 s.
1992 752 2112 785 Crucis
2128 752 2227 784 Wra-

617 804 802 843 tislavien.,
829 806 870 836 ad
896 815 927 838 n.
955 815 986 837 v.
1012 806 1164 844 Henrici‚
1191 806 1289 838 ducis
1306 806 1582 844 VVratislavien„
1599 806 1901 845 praesentationem
1921 806 2058 846 pertin„
2077 806 2229 838 conserat

617 858 732 891 Ottoni
748 859 789 891 de
802 860 939 900 Donyn,
953 860 1050 891 dictae
1062 860 1143 892 eccl.
1161 868 1235 892 can.
1249 862 1283 892 et
1294 860 1402 900 ejusd.
1416 860 1513 891 ducis
1525 869 1612 900 cap„
1628 859 1687 900 qui
1698 860 1801 900 praeb.
1818 859 1928 900 ejusd.
1942 860 2023 892 eccl.
2040 868 2078 891 ac
2091 859 2227 899 paroch.

617 912 696 944 eccl.
715 913 750 944 in
764 913 882 949 Groth,
900 914 1044 953 Pragen.
1063 913 1124 951 di.,
1140 913 1311 945 dimittere
1327 915 1473 945 tenetur.
1492 913 1545 954 (A.
1563 915 1615 951 27,
1633 913 1656 944 f.
1673 914 1734 945 226
1749 912 1782 950 ¹³3
1806 913 1839 944 V.
1855 914 1905 951 83,
1923 922 1976 953 ep.
1995 913 2102 951 1584.)

663 963 799 996 28524.
820 985 859 990 —-
878 967 970 998 Petro
990 967 1148 1008 archiepc
1173 966 1443 1008 Caesarauqustan.
1463 967 1587 999 induit.
1605 968 1641 998 ut
1659 976 1768 1007 usque
1786 967 1829 998 ad
1846 967 1953 998 alium
1970 975 2108 1003 annum,
2127 976 2146 997 a
2163 967 2229 998 fine

618 1019 759 1051 alterius
776 1021 856 1052 anni
874 1021 941 1061 ipsi
960 1021 1209 1053 nudiustertius
1226 1021 1380 1052 concessi
1397 1021 1677 1061 computandum,
1697 1020 1861 1052 ecclesias
1877 1021 1910 1052 et
1927 1020 2135 1052 monasteria
2153 1029 2229 1051 sua-

618 1082 695 1105 rum
715 1074 877 1112 civitatis,
896 1075 941 1106 di.
964 1076 997 1107 et
1011 1075 1195 1115 provinciae
1210 1083 1271 1115 per
1288 1074 1395 1106 alium
1413 1074 1554 1106 visitare
1570 1074 1694 1106 valeat.
1713 1091 1750 1097 -
1767 1074 1793 1106 I.
1811 1083 1840 1106 e.
1858 1083 1904 1106 m.
1921 1074 2098 1106 Mimaten.
2115 1075 2147 1106 et
2162 1074 2230 1106 Sis-

618 1127 759 1159 taricen.
775 1128 983 1168 praepositis,
998 1137 1036 1160 ac
1050 1129 1209 1168 praecent.
1227 1128 1481 1160 Antisiodoren.
1499 1128 1581 1160 eccl.
1601 1128 1652 1167 (A.
1673 1129 1681 1149 ¹
1699 1129 1751 1164 27,
1769 1128 1793 1159 f.
1811 1129 1871 1159 174
1886 1133 1916 1166 ι;
1940 1127 1973 1159 V.
1987 1129 2038 1166 83,
2055 1136 2108 1168 ep.
2127 1129 2231 1167 1463.)

664 1178 801 1211 28525.
822 1199 861 1204 -
880 1182 963 1223 May.
990 1182 1122 1214 Nicolao
1140 1182 1249 1214 Bruno
1270 1182 1307 1213 de
1333 1181 1416 1220 Vico,
1435 1182 1531 1224 Papae
1550 1182 1726 1223 scriptoris,
1753 1191 1821 1214 non
1836 1181 1976 1214 habenti
1996 1181 2151 1214 redditus
2171 1182 2231 1222 qui

617 1236 638 1265 3
651 1234 725 1266 ssor.
745 1235 819 1266 auri
835 1236 1010 1274 excedant,
1028 1235 1176 1267 facultas
1191 1236 1353 1267 testandi.
1372 1236 1425 1276 (A.
1441 1237 1494 1274 27,
1514 1235 1535 1267 f.
1553 1237 1611 1268 175
1626 1235 1640 1257 ¹¹
1649 1245 1659 1273 ς
1681 1235 1715 1266 V.
1734 1237 1785 1273 83,
1803 1244 1856 1277 ep.
1873 1235 1979 1276 1479.)

665 1285 800 1318 28526.
821 1307 859 1312 -
877 1289 995 1320 Ιοαηηί
1011 1300 1036 1320 s.
1063 1288 1217 1321 Theodori
1235 1289 1315 1321 diac.
1341 1289 1442 1326 card.,
1469 1289 1507 1320 A.
1527 1289 1563 1321 S.
1586 1289 1698 1330 leqato,
1726 1289 1952 1321 committitur
1976 1298 2079 1321 causa
2096 1291 2232 1321 vertens

618 1342 708 1374 inter
730 1342 898 1374 Joannem
922 1343 962 1375 de
987 1343 1148 1381 Vallatis,
1176 1343 1286 1375 civem
1304 1351 1495 1379 romanum,
1519 1343 1773 1383 jurisperitum,
1797 1352 1840 1375 ex
1864 1351 1932 1374 una
1954 1344 2062 1383 parte,
2089 1344 2122 1374 et
2141 1351 2232 1383 mag.

618 1395 858 1436 Pandulphum
879 1396 919 1428 de
942 1396 1091 1434 Sabello,
1110 1396 1179 1428 ΡΡ.
1200 1397 1284 1434 not„
1304 1396 1618 1428 administratorem
1631 1397 1665 1427 in
1681 1396 1921 1437 spiritualibus
1937 1398 1970 1428 et
1986 1396 2233 1437 temporalibus

618 1449 836 1490 episcopatus
854 1451 887 1481 et
904 1450 984 1482 eccl.
1003 1450 1148 1487 Ostien„
1166 1459 1186 1482 a
1203 1450 1269 1482 ΡΡ.
1289 1450 1503 1490 deputatum,
1522 1459 1559 1481 ac
1575 1450 1676 1490 capit.
1696 1450 1805 1490 ejusd.
1825 1450 1920 1486 eccl.‚
1940 1459 1983 1482 ex
2000 1450 2107 1481 altera
2125 1452 2232 1490 parte,

618 1511 722 1542 super
747 1503 894 1542 quadam
918 1503 1140 1543 possessione
1165 1512 1239 1543 quae
1261 1505 1402 1535 vocatur
1421 1504 1543 1536 Turris
1567 1504 1607 1535 de
1626 1504 1713 1535 Mari
1735 1512 1773 1535 ac
1790 1504 1938 1544 quodam
1956 1504 2063 1535 casali
2086 1503 2233 1544 aliisque

617 1555 718 1587 bonis
741 1555 867 1596 quibus
890 1556 986 1588 fruiti
1009 1557 1092 1588 olim
1116 1557 1255 1597 quidam
1276 1557 1369 1588 cives
1392 1558 1526 1589 romani
1551 1557 1634 1589 dicti
1659 1558 1700 1589 de
1722 1558 1927 1596 Ronmanis,
1947 1566 2088 1598 quaeque
2107 1566 2126 1589 a
2142 1558 2233 1589 dicto

617 1609 749 1642 Joanne
766 1612 881 1649 empta
897 1619 934 1641 ac
949 1610 1017 1642 sita
1033 1612 1113 1642 sunt
1128 1610 1164 1642 in
1179 1610 1337 1642 districtu
1354 1611 1508 1643 Romano
1521 1611 1619 1651 juxta
1634 1611 1782 1642 confinia
1796 1611 1889 1642 civit.
1907 1611 2091 1643 Ostiensis.
2110 1611 2162 1650 (A.
2182 1613 2234 1648 27,

618 1662 643 1694 f.
661 1664 722 1695 213
738 1668 767 1700 “,·
789 1663 825 1695 V.
842 1665 893 1700 83,
910 1673 962 1704 ep.
981 1663 1089 1704 1531.)

666 1714 803 1747 28527.
822 1734 860 1739 -
875 1717 1026 1749 Ferrario
1046 1717 1197 1755 Columbi,
1216 1728 1285 1750 can.
1303 1718 1454 1757 Iler-den„
1474 1718 1647 1750 indultum
1663 1720 1700 1750 ut
1717 1718 1865 1755 Alfonsi,
1883 1719 2102 1759 primogeniti
2117 1719 2236 1751 Jacobi

619 1771 711 1811 regis
737 1772 945 1812 Aragonum,
972 1771 1070 1813 cujus
1094 1772 1315 1804 consiliarius
1340 1774 1372 1804 et
1397 1772 1505 1804 famil.
1533 1772 1664 1810 existit,
1697 1772 1849 1804 servitiis
1873 1772 2077 1810 insistendo,
2104 1772 2236 1804 fructus

620 1824 724 1864 praeb.
745 1834 815 1857 suae
833 1825 962 1866 absque
983 1826 1171 1858 residentia
1189 1826 1366 1866 percipere
1388 1826 1511 1858 valeat.
1538 1844 1575 1848 —
1599 1827 1626 1857 Ι.
1651 1835 1680 1858 e.
1706 1835 1750 1858 m.
1769 1826 1930 1866 Populeti
1952 1827 2178 1858 Terraconen.
2204 1829 2237 1859 et

621 1878 710 1911 Belli
726 1879 837 1917 Podii,
855 1879 1030 1920 Urgellen.
1050 1880 1110 1918 di.,
1135 1881 1282 1912 monast.
1303 1879 1498 1917 abbatibus,
1524 1881 1557 1912 et
1579 1880 1741 1912 Michaeli
1762 1880 1997 1919 Riccomanni,
2019 1889 2092 1912 can.
2114 1880 2238 1912 Valen-

622 1933 685 1964 tin.
702 1932 754 1971 (A.
772 1934 824 1971 27,
841 1933 865 1964 f.
883 1934 945 1965 214
959 1933 994 1971 ι·;
1016 1933 1053 1965 V.
1071 1935 1124 1971 83,
1140 1942 1192 1974 ep.
1211 1935 1315 1973 1547.)

652 1983 808 2021 28528.
827 2004 864 2010 -
877 1987 971 2018 Petro
991 1987 1119 2022 Valerii,
1136 1987 1208 2019 cler.
1227 1987 1498 2028 Caesarauqusean.
1513 1988 1570 2025 di.,
1586 1988 1696 2028 gratia
1709 1997 1807 2028 exsp.
1824 1988 1937 2020 benef.
1953 1988 2144 2020 ecclesiast.
2160 1997 2187 2020 c.
2206 1997 2234 2020 c.

624 2040 679 2071 vel
702 2049 730 2072 S.
757 2049 785 2072 c.
818 2040 860 2071 ad
885 2041 1050 2081 archiep.i
1078 2040 1374 2082 Caesaraugustan.
1401 2041 1665 2081 dispositionem
1690 2042 1815 2081 pertin.
1829 2051 1839 2078 ,·
1873 2050 1941 2073 non
1967 2041 2054 2073 obst.
2083 2042 2239 2082 portione

624 2101 653 2124 s.
669 2093 810 2125 Martini
825 2094 867 2125 de
882 2094 1037 2132 Turoli0‚
1056 2094 1165 2135 ejusd.
1182 2095 1227 2126 di.
1239 2103 1249 2132 ;
1269 2103 1365 2135 perp.
1386 2104 1467 2126 vero
1484 2094 1648 2126 vicariam
1661 2095 1795 2135 paroch.
1814 2095 1895 2127 eccl.
1913 2096 1947 2128 S.
1964 2095 2009 2127 Μ.
2027 2096 2067 2127 de
2084 2096 2237 2134 Tur-olio,

624 2147 723 2178 dictae
739 2147 798 2186 di.,
815 2147 989 2179 dimittere
1009 2149 1154 2180 tenetur.
1176 2166 1213 2171 —
1231 2148 1271 2179 In
1291 2157 1321 2180 e.
1340 2157 1385 2180 m.
1409 2148 1535 2180 archid.
1561 2149 1722 2181 Turolen.
1747 2149 2058 2189 Caesaraugustam,
2080 2150 2112 2180 et
2134 2150 2238 2182 Bene·

624 2201 715 2232 dicto
728 2201 768 2233 de
782 2202 901 2238 Puteo,
917 2201 1040 2242 ejusd„
1057 2210 1095 2233 ac
1106 2202 1281 2234 Bernardo
1294 2202 1400 2240 Lulli,
1413 2202 1660 2234 Barchinonen.
1679 2203 1852 2234 canonicis
1867 2202 1948 2234 eccl.
1961 2203 2014 2243 (A.
2028 2204 2079 2241 27,
2096 2203 2119 2235 f.
2135 2204 2193 2235 215
2206 2203 2237 2241 ¹³:

631 2254 667 2287 V.
684 2256 735 2293 83,
755 2263 808 2294 ep.
831 2256 934 2294 1558.)

671 2305 810 2339 28529.
826 2325 861 2330 -
877 2308 1045 2340 Francisco
1062 2309 1190 2348 Gratiae,
1203 2309 1339 2351 archipr.
1352 2309 1509 2345 Perusin„
1522 2314 1551 2341 et
1561 2310 1676 2342 Busolo
1688 2310 1724 2341 de
1734 2311 1863 2348 Parma,
1878 2310 2063 2347 romam„
2075 2311 2142 2342 ΡΡ.
2156 2321 2224 2353 cap.
2230 2334 2239 2349 ‚

627 2372 662 2393 ac
682 2362 844 2394 Lamberto
867 2362 946 2394 Celti
967 2362 1004 2394 de
1024 2363 1215 2401 Manciam,
1238 2363 1266 2394 T
1264 2363 1399 2395 adertin.
1413 2365 1570 2395 canonicis
1587 2364 1672 2401 eccl„
1689 2365 1804 2396 mand.
1825 2373 1887 2405 pro
1905 2365 2017 2396 collat.
2036 2365 2240 2405 plebanatus

625 2416 738 2457 plebis
756 2425 784 2448 s.
801 2417 970 2448 Leonardi
987 2417 1028 2448 de
1046 2417 1293 2456 Montichiello,
1311 2418 1442 2450 Clusin.
1462 2418 1521 2457 di.,
1541 2427 1602 2459 per
1620 2418 1703 2450 obit.
1720 2418 1852 2450 Vannis
1869 2418 1953 2450 Covi
1971 2427 2024 2459 ap.
2043 2419 2076 2451 S.
2097 2420 2138 2451 A.
2157 2428 2241 2459 prae-

624 2471 681 2502 via
704 2470 856 2511 generali
882 2479 1009 2503 reserV.
1033 2479 1119 2508 vac„
1141 2480 1231 2512 mag.
1250 2471 1388 2504 Thomae
1411 2472 1452 2504 de
1474 2472 1631 2510 Petusio,
1653 2473 1756 2512 Papae
1779 2472 1951 2513 scriptori,
1978 2473 2147 2504 rectoris.
2174 2474 2239 2504 An-

625 2523 693 2564 geii
711 2524 751 2556 de
768 2524 875 2556 Plano
892 2524 1051 2556 Vichiani
1063 2526 1096 2556 et
1113 2533 1141 2556 s.
1156 2525 1294 2557 Proveti
1307 2525 1347 2557 de
1362 2526 1486 2563 Aflore,
1503 2525 1678 2557 Perusinae
1691 2526 1751 2565 di.,
1769 2526 1992 2558 ecclesiarum
2008 2535 2037 2558 s.
2055 2535 2082 2557 c.
2099 2527 2152 2566 (18
2166 2526 2239 2558 flor.

626 2577 725 2619 auri),
748 2586 786 2609 ac
809 2578 845 2609 in
867 2587 896 2609 s.
919 2578 1021 2610 Pauli
1045 2578 1208 2611 Leodien.
1234 2580 1267 2611 et
1293 2579 1454 2611 Leodien.
1481 2580 1562 2611 eccl.
1584 2580 1748 2612 canonico
1773 2579 1837 2611 sub
1860 2588 1957 2620 exsp.
1979 2580 2106 2620 praeb.;
2132 2580 2241 2619 gratia

626 2640 721 2672 exsp.
737 2631 842 2672 proeb.
859 2631 896 2663 in
911 2632 1033 2665 ultima
1050 2632 1212 2664 Leodien.
1230 2633 1312 2665 eccl.
1332 2635 1466 2665 cassata
1482 2634 1537 2665 sit.
1558 2633 1610 2674 (A.
1627 2635 1677 2671 27,
1694 2634 1716 2665 f.
1733 2634 1794 2665 228
1810 2639 1838 2672 ⁸3
1863 2633 1899 2664 V.
1915 2634 1966 2671 83,
1984 2642 2037 2673 ep.
2058 2633 2165 2673 1601.)

670 2682 812 2716 28530.
829 2703 869 2709 —-
883 2684 1017 2716 Nicolao
1036 2685 1073 2717 de
1092 2685 1286 2724 Freauvilla,
1305 2697 1373 2719 can.
1396 2686 1533 2728 praeben.
1550 2686 1622 2720 eccl.
1645 2698 1670 2718 s.
1690 2686 1830 2718 Marcelli
1847 2687 1944 2728 juxta
1965 2687 2120 2723 Parisins,
2144 2681 2238 2726 pro'v.

626 2747 747 2770 canon.
769 2739 850 2771 eccl.
871 2748 899 2770 s.
915 2739 1043 2771 Aniani
1059 2740 1280 2772 Aurelianen.
1299 2740 1362 2772 sub
1375 2749 1471 2781 exsp.
1491 2740 1595 2781 praeb.
1612 2741 1753 2781 integrae
1768 2749 1835 2773 non
1851 2740 2091 2777 sacerdotalis;
2108 2740 2238 2771 consid.

625 2792 741 2824 Caroli
756 2792 799 2824 R.
816 2793 855 2824 F.
873 2794 905 2824 et
920 2792 964 2825 N.
980 2810 1019 2816 —
1030 2793 1056 2825 Ι.
1075 2802 1105 2825 e.
1123 2802 1168 2825 m.
1188 2802 1215 2825 s.
1229 2794 1410 2826 Genovefae
1426 2795 1605 2832 Parisien.‚
1622 2796 1654 2826 et
1670 2803 1697 2826 s.
1711 2794 1844 2826 Evurtii
1858 2794 2077 2826 Aurelianen.
2094 2795 2237 2825 monast.

627 2845 821 2881 abbatibus,
840 2854 878 2878 ac
893 2846 1021 2878 archid.
1037 2847 1161 2879 Belciae
1179 2848 1216 2878 in
1233 2847 1315 2879 eccl.
1334 2848 1587 2880 Aurelianensi.
1606 2848 1660 2885 (V.
1679 2849 1730 2884 83,
1748 2857 1800 2888 ep.
1819 2849 1924 2886 1602.)

661 2971 684 2996 1.
701 2970 735 2995 In
749 2971 882 3002 margine
897 2972 1020 3003 regestri
1037 2971 1245 2998 Avinionensis
1263 2971 1404 2997 scribitur
1426 2979 1432 2996 ε
1452 2981 1461 2994 ι
1481 2971 1594 2996 Auende
1610 2971 1681 3003 quod
1696 2971 1777 2996 missa
1790 2970 1846 3002 fuit
1859 2969 1893 2995 de
1908 2977 2012 2995 camera
2027 2971 2084 2996 sine
2102 2971 2175 3003 siquo
2190 2971 2236 2996 do-

629 3014 695 3039 mini
710 3015 928 3042 vicecancellarii.
943 3024 958 3040 »ι
