2540 3496
362 324 420 352 14⁴

396 411 500 438 Datum
519 402 698 438 Avenione.

373 514 389 540 7
408 515 463 547 (vn
481 511 531 547 id.)
548 518 610 546 apr.
632 507 719 536 1326.

453 557 484 584 τ.
501 555 547 589 xi,
567 553 638 581 xm.

507 775 540 802 Ut
561 783 584 801 s.

450 820 480 847 T.
497 819 543 852 xl,
558 817 629 845 XIII.

500 984 536 1013 Ut
550 993 575 1012 s.

422 1032 470 1060 Gr.
493 1038 545 1066 pro
564 1028 652 1058 socio.

496 1359 532 1388 Ut
548 1366 572 1386 s.

433 1405 465 1432 T.
482 1403 541 1437 xit,
561 1401 634 1430 xiv.

483 1573 517 1600 Ut
538 1574 583 1599 s.¹

440 1618 472 1647 T.
491 1617 537 1650 XI,
557 1617 629 1644 XIII.

494 1787 529 1814 Ut
550 1795 574 1815 s.

387 1833 418 1860 T.
435 1832 470 1859 xl
489 1833 538 1865 ¹12,
554 1831 613 1858 XIII
630 1832 677 1862 ¹l2.

493 2163 526 2191 Ut
544 2172 569 2193 s,

434 2208 466 2235 T.
484 2208 529 2238 xl,
548 2207 618 2234 XIII.

492 2590 526 2618 Ut
543 2599 566 2618 s.

434 2635 464 2662 ἰ·.
487 2635 534 2669 xi,
555 2636 627 2662 xui.

761 311 935 344 JOANNIS
959 309 1078 341 PAPAE
1101 307 1203 338 XXII.
1228 306 1479 345 (mm-1³34).
1502 320 1540 325 —
1564 302 1751 334 LITTERAE
1774 302 2002 335 COMMUNES

836 498 973 531 24814.
991 518 1030 523 -
1044 499 1129 538 May.
1149 496 1287 537 Remigio
1310 495 1347 526 de
1369 505 1394 526 ³.
1415 494 1596 535 Marqareta
1612 494 1751 526 collatio
1767 503 1885 526 canon.
1907 496 1942 527 et
1955 494 2061 536 proeb.
2076 495 2229 528 ecclesiae
2245 497 2401 536 Trecen„

789 564 860 586 vac.
878 563 938 594 per
957 553 1086 584 obitum
1110 550 1200 590 apud
1217 550 1251 581 S.
1275 551 1315 580 A.
1344 548 1530 580 Raimundi
1552 548 1586 580 S.
1606 548 1707 580 M.-in
1730 548 1915 589 cosmedin,
1937 549 2024 581 diac.
2048 549 2139 581 card.
2147 558 2157 588 ;
2175 558 2243 582 non
2259 549 2348 583 obst.
2366 551 2402 582 in

788 617 815 639 s.
834 606 1010 639 Michaelis
1028 603 1250 636 Belvacensis
1267 610 1385 633 canon.
1404 603 1437 633 et
1454 601 1571 642 praeb.,
1591 610 1629 633 ac
1648 601 1683 632 in
1701 601 1906 634 ambianen.
1926 603 1960 634 et
1977 602 2165 635 Lexovien.
2182 603 2263 635 eccl.
2281 612 2399 636 canon.

788 660 852 692 sub
867 668 965 698 exsp.
987 657 1091 699 praeb.
1108 674 1148 680 --
1166 656 1192 688 I.
1209 665 1239 687 e.
1260 655 1399 687 m.-abb.
1417 657 1565 687 monast.
1582 664 1610 686 s.
1635 655 1724 695 Lupi
1740 655 1896 694 Trecen„
1914 656 1948 688 et
1966 656 2136 688 Parisien.
2159 665 2198 689 ac
2219 656 2401 691 Carnoten.

786 714 867 745 eccl.
883 711 1092 744 cantoribus.
1106 710 1161 751 (A.
1177 710 1228 747 24,
1244 709 1267 741 f.
1287 710 1347 741 491
1364 714 1395 747 ·;
1415 708 1452 740 V.
1467 710 1520 747 80,
1537 717 1590 749 ep.
1609 708 1697 749 9⁴0.)

834 762 969 795 24815.
988 782 1026 788 -
1042 763 1206 805 Stephano
1225 762 1448 803 Blanchaforti
1467 770 1561 803 perp.
1588 762 1718 794 vicarit>
1737 762 1771 793 in
1793 762 1874 794 eccl.
1892 763 1932 795 B.
1947 763 1993 795 Μ.
2011 763 2052 795 de
2069 763 2171 796 Sacro
2186 764 2333 803 (meare,
2347 765 2403 798 Bi-

785 820 929 851 turicen.
942 819 1003 855 di.,
1021 826 1117 858 prov.
1135 825 1255 848 canon.
1270 816 1334 848 sub
1348 825 1444 857 exsp.
1463 816 1566 856 praeb.
1584 816 1666 848 eccl.
1681 816 1923 855 Bituricensis,
1936 816 2068 849 consid.
2083 817 2178 849 Petri
2192 826 2221 850 s.
2237 818 2402 852 Susannae

785 872 899 913 presb.
914 872 1005 904 card.
1020 889 1059 895 —
1076 871 1104 903 1.
1120 880 1149 902 e.
1167 879 1212 903 m.
1227 879 1254 902 s.
1266 870 1414 903 Amandi
1427 870 1593 902 Sarlaten.
1610 870 1670 910 di.,
1687 871 1761 902 ets.
1775 870 1952 902 Ambrosii
1965 879 2004 903 ac
2016 879 2044 903 s.
2058 870 2200 912 Sulpitii
2212 872 2398 906 Bituricen.

786 927 934 958 monast.
952 925 1144 957 abbatibus.
1161 925 1214 964 (A.
1233 925 1284 963 24,
1308 925 1331 956 f.
1350 925 1412 956 504
1422 929 1452 961 ⁸3
1476 924 1509 956 V.
1526 926 1580 961 80,
1598 932 1651 964 ep.
1667 925 1755 963 983.)

830 977 968 1010 24816.
985 998 1024 1003 -
1039 978 1124 1019 May.
1140 978 1275 1010 Andreae
1289 977 1446 1019 quondam
1460 977 1592 1009 Andreae
1609 977 1646 1009 de
1663 977 1847 1010 Rohertellis
1862 977 1899 1009 de
1912 978 2002 1010 Setia
2018 978 2098 1016 mil„
2113 979 2214 1020 Papae
2227 979 2400 1021 scriptori,

784 1034 893 1074 gratia
910 1042 1007 1074 exsp.
1026 1032 1139 1064 benef.
1158 1034 1198 1071 (c.
1213 1042 1243 1064 c.
1261 1033 1323 1064 100
1337 1032 1390 1064 vel
1407 1041 1435 1064 s.
1451 1041 1479 1063 c.
1498 1033 1539 1073 50
1554 1032 1576 1063 l.
1595 1032 1647 1073 t.),
1664 1032 1802 1064 etiamsi
1819 1032 1926 1072 dign„
1940 1034 2147 1073 personatus
2161 1035 2220 1065 aut
2236 1033 2291 1066 off.
2309 1034 2400 1066 exis-

783 1090 844 1124 tat,
864 1088 898 1119 in
915 1088 1007 1119 civit.
1026 1086 1080 1118 vel
1096 1086 1143 1118 di.
1159 1086 1357 1121 Dortusen..
1382 1086 1507 1126 pertin.
1524 1086 1566 1117 ad
1581 1085 1694 1118 collat.
1713 1085 1781 1126 ep.i
1803 1085 2001 1126 Dertusen„
2025 1086 2154 1118 consid.
2173 1086 2293 1119 Jacobi
2308 1088 2400 1129 regis

784 1144 980 1182 Aragonum
989 1151 999 1178 3
1017 1149 1085 1172 non
1103 1139 1191 1172 obst.
1205 1140 1241 1171 in
1253 1139 1390 1177 Senon„
1405 1139 1660 1171 Ferentinaten.
1677 1141 1710 1171 et
1724 1139 1758 1171 S.
1772 1140 1817 1171 M.
1833 1139 1874 1172 de
1889 1140 1994 1178 Setia,
2005 1140 2224 1172 Terracinen.
2243 1141 2304 1180 di.,
2315 1141 2386 1174 eccl

784 1204 904 1226 canon.
922 1196 955 1226 et
969 1194 1073 1234 praeb.
1090 1195 1142 1234 (34
1157 1194 1231 1225 flor.
1249 1193 1350 1232 auri).
1369 1212 1407 1216 —
1424 1193 1452 1225 I.
1472 1202 1501 1225 e.
1518 1201 1563 1225 m.
1583 1202 1660 1233 ep.o
1676 1193 1853 1231 Paduano,
1871 1195 1904 1225 et
1919 1193 2090 1226 Rainaldo
2105 1194 2146 1226 de
2161 1194 2246 1226 filiis
2260 1194 2343 1227 Ursi
2357 1195 2399 1228 de

783 1248 975 1289 campinia,
997 1247 1171 1284 Leodien.,
1193 1247 1294 1287 Papae
1309 1248 1394 1284 not..
1415 1255 1453 1278 ac
1470 1246 1662 1278 Danrocen.
1680 1247 1976 1287 caesaraugustan.
1995 1247 2160 1279 archid.is
2175 1248 2255 1280 eccl.
2275 1248 2331 1289 (A.
2344 1250 2397 1287 2⁴,

782 1302 806 1333 f.
823 1303 883 1334 552
905 1301 934 1338 ἠ
958 1301 995 1334 V.
1017 1302 1069 1340 80,
1087 1309 1140 1341 ep.
1160 1300 1267 1341 1100.)

827 1352 965 1385 2⁴817.
991 1372 1030 1378 —
1051 1353 1245 1396 Heydenrico
1263 1353 1301 1384 de
1321 1353 1460 1384 Essinda
1479 1362 1581 1394 praep.
1605 1354 1688 1386 eccl.
1707 1363 1735 1385 s.
1753 1354 1909 1386 Severini
1931 1354 2161 1394 coloniensis,
2184 1356 2286 1396 Papae
2308 1364 2398 1397 σιμ,

782 1409 953 1441 indultum
971 1411 1008 1440 ut
1024 1408 1206 1440 residendo
1224 1408 1260 1438 in
1279 1407 1397 1448 aliquo
1419 1407 1532 1439 benef.
1548 1416 1689 1439 suorum
1706 1408 1838 1440 fructus
1853 1408 2007 1441 eorumd.
2027 1408 2159 1449 integre
2173 1409 2342 1450 percipiat
2355 1410 2399 1442 ad

781 1463 980 1494 triennium.
1001 1481 1039 1486 —
1062 1462 1089 1494 1.
1108 1471 1137 1493 e.
1158 1471 1204 1493 m.
1223 1470 1299 1502 ep.o
1323 1461 1520 1497 Leodiensi‚
1546 1463 1580 1493 et
1596 1461 1673 1493 abb.
1690 1463 1837 1493 monast.
1857 1461 2065 1500 'tuiciensis
2083 1462 2260 1495 Colonien.
2280 1463 2343 1502 di.,
2359 1472 2398 1496 ac

781 1526 871 1556 mag.
887 1517 1012 1548 Joanni
1027 1517 1068 1548 de
1082 1516 1202 1556 Regio,
1221 1524 1324 1556 praep.
1343 1515 1425 1547 eccl.
1441 1515 1599 1548 Parmen.
1617 1515 1673 1554 (A.
1694 1516 1746 1552 2⁴,
1767 1515 1789 1547 f.
1810 1516 1871 1548 554
1886 1515 1918 1552 k·;
1939 1515 1972 1548 V.
1990 1517 2043 1554 80,
2060 1525 2113 1557 ep.
2132 1517 2239 1557 1128.)

827 1567 963 1600 24818.
980 1588 1019 1593 —
1035 1569 1210 1601 Raimundo
1226 1568 1338 1600 Baloci
1351 1577 1446 1609 prov.
1465 1578 1585 1601 canon.
1603 1569 1685 1601 eccl.
1696 1570 1846 1607 Jaccen.,
1863 1570 1985 1603 Oscen.
2005 1570 2064 1607 di.,
2076 1570 2208 1603 consid.
2221 1570 2398 1604 Elisendis

781 1625 906 1664 reginae
922 1624 1137 1664 Aragonum;
1157 1632 1223 1655 non
1239 1622 1326 1655 obst.
1343 1622 1425 1654 eccl.
1441 1622 1483 1654 de
1499 1622 1667 1660 Porculis,
1686 1631 1713 1654 c.
1732 1632 1774 1660 c.,
1789 1623 1887 1655 dictae
1906 1623 1954 1654 di.
1972 1640 2012 1646 —
2029 1623 2056 1655 Ι.
2073 1632 2102 1655 e.
2119 1633 2166 1655 m.
2183 1624 2348 1664 sacristae.
2363 1626 2398 1658 et

780 1678 939 1709 Ferrario
956 1677 1128 1713 Columbi,
1142 1678 1302 1714 Ilerden.,
1321 1686 1359 1708 ac
1374 1677 1476 1708 Petro
1491 1677 1532 1708 de
1551 1676 1711 1714 Abbatia,
1732 1677 1904 1709 Valentin.
1921 1686 1995 1709 can.
2012 1677 2093 1709 eccl.
2113 1678 2166 1719 (Α.
2181 1679 2232 1714 24,
2249 1678 2274 1709 f.
2290 1679 2351 1711 5⁷⁴
2365 1678 2395 1717 Ι»;

786 1731 822 1762 V.
839 1733 890 1768 80,
911 1741 964 1771 ep.
986 1733 1090 1769 1159.)

825 1782 962 1815 24819.
983 1804 1016 1808 -
1038 1785 1134 1816 Petro
1151 1785 1187 1815 de
1204 1783 1359 1815 Catderiis
1376 1784 1486 1824 gratia
1501 1793 1598 1824 exsp.
1617 1784 1729 1815 benef.
1753 1786 1794 1822 (c.
1814 1793 1841 1815 c.
1861 1786 1920 1816 100
1936 1784 1990 1816 vel
2005 1793 2034 1816 s.
2054 1793 2083 1817 c.
2099 1785 2177 1817 401.
2194 1787 2232 1824 t.)
2249 1785 2284 1817 in
2302 1786 2395 1818 civit.

779 1839 833 1869 vel
850 1839 896 1870 di.
912 1838 1172 1875 Barchinonen.,
1193 1838 1315 1878 pertin.
1337 1838 1380 1869 ad
1399 1838 1512 1869 collat.
1532 1837 1601 1878 ep.i
1617 1840 1650 1869 et
1667 1838 1769 1878 capit.
1788 1837 2051 1876 Barchinonen„
2068 1839 2199 1871 consid.
2220 1839 2396 1872 Elisendis

780 1893 906 1932 reginae
923 1894 1138 1932 Aragonum3
1164 1901 1230 1923 non
1250 1891 1336 1922 obst.
1365 1891 1448 1923 eccl.
1472 1891 1513 1923 de
1530 1891 1697 1929 Cortiliis,
1719 1892 1839 1923 Oscen.
1857 1892 1918 1929 di.,
1935 1900 2038 1932 quam
2056 1892 2229 1924 dimittere
2246 1893 2395 1932 tenetur,

779 1948 811 1977 et
827 1946 979 1977 cantoria
994 1946 1126 1977 minore
1141 1955 1168 1977 s.
1188 1955 1215 1976 c.
1232 1954 1306 1986 quae
1323 1954 1383 1976 nec
1400 1945 1491 1985 dign.
1509 1953 1570 1976 nec
1583 1946 1787 1985 personatus
1802 1945 1922 1977 existit
1938 1947 1971 1977 et
1988 1947 2027 1978 30
2043 1947 2111 1977 tur.
2129 1947 2309 1987 argenteos
2327 1955 2396 1979 non

779 2000 880 2036 valet,
899 2009 937 2031 ac
955 1999 1076 2039 capell.
1092 1999 1231 2039 capellae
1256 2008 1283 2030 s.
1306 1999 1440 2031 Nicolai
1461 1999 1496 2030 in
1516 1999 1597 2030 eccl.
1618 1999 1902 2031 Barchinonensi.
1920 2017 1958 2023 —-
1974 1999 2002 2031 I.
2018 2008 2064 2031 m.
2085 2008 2131 2031 m.
2150 1999 2227 2031 abb.
2246 2002 2392 2034 monast.

778 2063 805 2084 s.
833 2053 1041 2093 cucuphatis
1057 2054 1206 2090 Vallen„
1232 2053 1481 2084 Barchinonen.
1498 2053 1558 2089 di.,
1582 2054 1615 2084 et
1634 2052 1787 2093 prioris.
1813 2052 1912 2084 Pauli
1936 2053 1978 2084 de
2003 2053 2132 2094 Campo
2158 2055 2256 2086 extra
2277 2062 2394 2087 muros

778 2107 1039 2144 Bmchinonen„
1057 2116 1096 2138 ac
1113 2108 1213 2138 Petro
1228 2107 1269 2138 de
1288 2106 1435 2138 Abbatia
1449 2115 1522 2138 can.
1543 2106 1714 2138 valentin.
1733 2107 1787 2147 (A.
1806 2108 1857 2144 24,
1872 2106 1896 2138 f.
1913 2108 1972 2139 577
1985 2112 2015 2144 *ς
2036 2106 2071 2140 V.
2087 2109 2138 2144 80,
2155 2115 2210 2147 ep.
2226 2109 2332 2147 1165.)

824 2158 962 2191 24820.
980 2179 1017 2184 —
1034 2160 1179 2191 Ferraria
1200 2161 1352 2201 Peyroni,
1370 2169 1442 2200 cap.
1462 2160 1636 2191 Elisendis
1652 2160 1778 2200 reginae
1794 2161 2003 2201 Aragonum‚
2022 2160 2133 2201 gratia
2148 2170 2244 2202 exsp.
2262 2170 2392 2203 praepo-

745 2222 747 2234 Ξ
778 2216 895 2246 siturae
908 2224 968 2246 seu
985 2217 1159 2251 mensatae,
1180 2223 1207 2245 s.
1225 2224 1265 2250 e.‚
1283 2223 1357 2254 quae
1373 2223 1433 2245 nec
1446 2214 1539 2254 dign.
1557 2223 1619 2246 nec
1634 2216 1839 2254 personatus
1853 2214 1993 2251 existat,
2009 2217 2042 2246 et
2058 2215 2327 2255 capellaniarum
2343 2225 2396 2248 ce-

777 2269 890 2300 dentis
906 2269 960 2300 vel
978 2269 1173 2300 decedentis
1189 2268 1342 2299 canonici
1359 2268 1393 2298 in
1408 2268 1552 2299 ecclesia
1565 2268 1845 2303 Barchinonensi,
1863 2276 1931 2299 non
1945 2268 2032 2300 obst.
2047 2268 2083 2300 in
2096 2268 2215 2300 eadem
2230 2268 2295 2301 sub
2310 2278 2392 2310 prae-

777 2322 894 2353 bendae
910 2324 942 2354 et
959 2323 993 2353 in
1005 2322 1123 2353 Vicen.
1140 2322 1220 2353 eccl.
1238 2331 1315 2353 cum
1329 2322 1477 2362 quodam
1494 2321 1646 2361 simplici
1661 2321 1772 2353 benef.
1793 2321 1857 2352 sub
1870 2321 2059 2362 praebendae
2074 2323 2108 2354 et
2123 2322 2392 2363 capellaniarum

744 2355 746 2384 Ε
778 2376 1031 2416 exspectatione
1049 2375 1319 2413 canonicatibus,
1342 2383 1380 2406 ac
1399 2375 1535 2415 paroch.
1553 2375 1635 2406 eccl.
1662 2375 1703 2406 de
1719 2377 1868 2415 Aytona‚
1889 2376 2034 2407 llerden.
2053 2376 2114 2414 di.,
2136 2385 2266 2409 necnon
2283 2377 2394 2418 gratia

777 2439 872 2469 exsp.
892 2430 1004 2461 benef.
1022 2439 1050 2460 c.
1066 2439 1094 2461 c.
1114 2430 1168 2461 vel
1185 2438 1212 2460 s.
1231 2438 1258 2460 c.
1276 2430 1310 2460 in
1327 2429 1464 2460 civitate
1480 2429 1534 2460 vel
1555 2429 1601 2459 di.
1626 2429 1809 2460 Dertusen.
1826 2445 1865 2451 -
1882 2430 1909 2460 Ι.
1934 2438 1963 2461 e.
1981 2438 2027 2460 m.
2050 2430 2159 2470 priori
2181 2439 2210 2462 s.
2233 2431 2334 2463 Pauli
2350 2431 2393 2463 de

777 2485 905 2523 Campo
922 2483 1183 2520 Bar-chinonem,
1204 2485 1237 2514 et
1254 2482 1383 2514 archid.
1399 2482 1566 2522 Urgelleti
1580 2484 1614 2514 et
1629 2482 1897 2514 Vallisandorrae
1912 2483 2100 2523 Urgellen.‚
2115 2492 2153 2515 ac
2168 2483 2334 2517 Gaufrido
2349 2484 2391 2517 de

776 2538 892 2574 Biura,
913 2547 985 2568 can.
1005 2538 1230 2568 Terraconen.
1250 2536 1332 2568 eccl.
1348 2537 1401 2575 (A.
1418 2538 1469 2573 24,
1486 2536 1510 2567 f.
1528 2538 1586 2568 571
1602 2536 1631 2574 b;
1654 2535 1690 2568 V.
1707 2537 1760 2573 80,
1777 2545 1830 2576 ep.
1846 2538 1952 2575 1167.)

821 2587 962 2620 24821.
980 2609 1018 2613 -
1033 2589 1164 2621 Nicolao
1178 2590 1303 2621 Mathaei
1320 2590 1466 2630 Pacifici,
1481 2599 1555 2621 can.
1578 2590 1658 2621 eccl.
1679 2589 1799 2621 vicen.
1818 2589 1883 2621 sub
1907 2599 2004 2630 exsp.
2026 2590 2145 2631 presb„
2163 2591 2274 2631 gratia
2292 2600 2390 2633 exsp.

775 2644 1010 2684 praepositurae
1035 2646 1199 2675 mensatae
1223 2644 1412 2684 vulgariter
1436 2645 1650 2683 nuncupatae,
1670 2652 1745 2683 quae
1771 2652 1832 2674 nec
1854 2643 1946 2684 dign.
1969 2653 2031 2676 nec
2048 2646 2253 2685 personatus
2271 2645 2391 2678 existit

776 2698 810 2728 in
830 2698 903 2729 ead.
930 2698 1024 2735 eccl.,
1044 2698 1174 2729 consid.
1193 2697 1368 2729 Elisendis
1390 2697 1515 2737 reginae
1541 2698 1751 2737 Aragonum.
1767 2713 1807 2719 —
1824 2698 1850 2729 Ι.
1868 2706 1898 2729 e.
1915 2706 1960 2728 m.
1978 2706 2055 2738 ep.o
2072 2699 2246 2737 Paduano,
2263 2700 2296 2731 et
2311 2698 2389 2732 abb.

775 2753 920 2782 monast.
946 2760 974 2782 s.
988 2751 1132 2782 ,Ioannis
1149 2751 1190 2782 de
1205 2750 1376 2789 Abbatiis‚
1396 2750 1514 2782 Vicen.
1532 2750 1593 2788 di.,
1610 2759 1648 2782 ac
1661 2750 1789 2782 archid.
1805 2750 2085 2783 Barchinonensi.
2102 2752 2156 2792 (A.
2174 2754 2226 2790 24,
2243 2753 2265 2784 f.
2285 2752 2388 2791 5781‘3
2403 2789 2408 2792 ,

806 2827 812 2834 .
902 2814 919 2835 e
948 2831 953 2835 .
974 2807 1008 2835 11
1057 2827 1064 2834 .

779 2804 805 2835 V
820 2806 957 2887 ἓὲξᾩὲ.
975 2805 1107 2889 --δὲἰὰ
1126 2863 1153 2888 el
1173 2868 1257 2889 conv.
1273 2863 1403 2888 monast.
1421 2868 1444 2888 s.
1459 2858 1601 2899 Spiritus
1618 2858 1655 2889 de
1671 2857 1817 2888 Murrone
1831 2868 1928 2899 prope
1940 2858 2134 2897 Sulmonam,
2143 2859 2185 2890 ad
2195 2859 2233 2891 R.
2249 2859 2283 2891 Ε
2285 2884 2292 2892 .
2303 2859 2388 2891 nullo

774 2910 872 2941 medio
888 2912 1022 2952 pertin„
1047 2911 1082 2942 0.
1111 2912 1146 2943 S.
1166 2911 1219 2949 B.,
1246 2911 1372 2943 Valven.
1396 2912 1440 2942 di.
1467 2912 1670 2944 Decernitur
1695 2912 1785 2951 quod
1811 2912 1926 2943 omnia
1953 2912 2172 2950 monasteria,
2199 2913 2387 2953 prioratus,

740 3010 742 3045 ἶ
807 3026 827 3049 1.
844 3026 876 3050 R.
894 3025 928 3050 V.
941 3034 971 3049 :-
986 3032 1029 3050 vn
1043 3025 1101 3050 kal.
1122 3025 1236 3056 aprilis.

2523 1818 2540 1936 Ξ
