2540 3496
329 335 389 365 354

362 422 466 450 Datum
485 415 667 450 Avenionc.

402 523 440 550 30
460 525 513 551 oct.
541 521 627 549 1326.

407 570 453 600 (ιιι
469 566 527 593 kal.
544 565 621 600 nov.)

418 611 448 638 Τ.
466 610 537 643 XIII,
554 609 609 636 XV.

478 841 510 867 Ut
525 848 547 866 s.

451 885 481 912 T.
503 885 572 912 XVI.

401 1002 438 1029 31
459 1003 511 1028 oct.
537 999 614 1027 1326

410 1050 443 1081 (ιι
459 1045 517 1073 kal.
534 1045 613 1077 nov.)

457 1091 487 1118 T.
506 1091 562 1119 XX.

467 1430 502 1458 Ut
523 1439 548 1459 S.

465 1476 495 1503 T.
518 1476 548 1503 1..

467 1592 503 1620 Ut
520 1601 543 1620 s.

443 1637 474 1663 T.
495 1636 566 1663 XVI.

465 1753 500 1780 Ut
522 1761 546 1780 s.

413 1797 442 1823 T.
465 1797 510 1830 xi,
530 1797 601 1824 xm.

355 1968 367 1994 1
386 1967 470 2002 (kal.)
488 1975 550 1994 nov.
572 1967 659 1994 1326.

431 2012 460 2038 Τ.
481 2012 575 2038 xxiv.

468 2341 500 2368 [t
518 2350 543 2369 s.

391 2386 439 2415 Gr.
462 2394 512 2420 pro
531 2386 618 2415 socie.

464 2609 500 2636 Ut
517 2618 541 2636 s.

346 2653 392 2681 Gr.
415 2662 466 2688 pro
487 2661 562 2689 pers.
583 2654 661 2681 card.

466 2770 500 2798 Ut
522 2779 545 2798 s.

432 2815 462 2843 T.
480 2816 574 2843 XXIV.

727 329 900 361 JOANNIS
924 328 1042 359 PAPAE
1064 327 1166 358 XXII.
1190 327 1441 367 (1316—1334).
1463 344 1502 349 —
1525 326 1712 357 LITTERAE
1735 327 1962 360 COMMUNES

801 516 938 548 20877.
958 535 994 540 --
1011 517 1230 549 Transfertur
1246 516 1396 547 Nicotaus
1412 516 1448 547 de
1463 517 1615 548 Aventica
1629 526 1646 549 e
1662 519 1806 549 monast.
1821 518 1984 556 Muriaco‚
2002 518 2154 551 Cluniae.
2172 520 2258 557 ord..
2276 519 2362 552 Con·

757 572 903 603 domien.
923 571 982 607 di„
1004 571 1046 601 ad
1064 571 1210 601 monast.
1229 579 1256 601 s.
1282 570 1428 602 Orientii
1445 570 1622 609 Auxitan.‚
1639 571 1789 611 praedicti
1806 571 1892 608 ord..
1912 571 1975 603 sub
1991 580 2088 612 exsp.
2105 572 2291 612 prioratus,
2309 573 2363 605 vel

755 626 858 665 dign„
877 633 938 655 seu
954 625 1168 664 personatus,
1188 625 1246 655 aut
1261 623 1470 662 administr.,
1487 624 1559 656 sive
1579 625 1634 656 off.
1653 633 1713 656 seu
1729 624 1840 656 benef.
1857 625 2047 657 ecclesiast.
2065 635 2095 657 c.
2111 634 2140 657 c.
2160 625 2214 658 vel
2227 636 2253 657 s.
2273 635 2302 659 o.
2321 627 2364 658 ad

756 679 881 718 prioris
899 680 930 708 et
951 686 1046 708 conv,
1068 677 1222 717 praedicti
1242 679 1386 708 monast.
1409 686 1437 708 s.
1456 677 1603 709 Orientii
1625 678 1886 718 dispositionem
1904 678 2028 719 pertin.
2046 679 2123 711 -1.
2144 688 2172 711 e.
2193 688 2237 711 m.
2258 688 2361 720 praep.

755 740 783 762 s.
801 731 941 767 Justini,
960 731 993 761 et
1012 730 1053 762 de
1076 731 1158 762 Vico
1173 731 1336 762 Auxitan.
1355 739 1392 762 ac
1407 731 1586 772 Gamagen.
1604 732 1767 763 Vasaten.
1791 732 1871 764 eccl.
1889 732 2061 764 archid.is.
2081 733 2133 771 (A.
2151 734 2202 770 28,
2218 733 2241 764 f.
2260 734 2362 771 433·;

760 784 795 815 V.
812 786 862 821 82,
879 792 932 823 ep.
950 785 1035 822 677.)

799 835 936 867 26878.
954 856 991 860 -
1006 837 1175 879 Arckiep.o
1195 836 1476 878 Caesarauqustano
1492 838 1604 870 mand.
1626 839 1663 870 ut
1686 847 1704 870 a
1724 838 1855 871 Joanne
1873 848 1891 870 e
1906 839 2123 880 Cartaginen.
2138 839 2219 871 eccl.
2238 840 2280 871 ad
2300 839 2363 872 Ca-

754 891 935 931 laguritan.
954 891 987 922 et
1009 891 1192 923 Calciaten.
1219 891 1314 927 eccl„
1334 891 1439 923 simul
1459 891 1574 923 unitas
1592 894 1625 923 et
1649 891 1716 932 ipsi
1738 891 1908 933 archiep.o
1923 892 2000 933 jure
2017 892 2267 932 metropolitico
2283 892 2360 924 suh-

752 945 869 984 jectas,
886 945 1063 981 translato,
1082 944 1259 976 fidelitatis
1274 944 1394 977 debitae
1410 945 1552 976 solitum
1569 945 1711 986 recipiat
1729 945 1974 986 juramentum.
1994 945 2046 984 (A.
2065 947 2115 986 26,
2133 946 2155 977 t'.
2181 947 2240 978 226
2257 947 2296 986 ⁸.)

798 995 935 1028 26879.
954 1015 993 1021 -
1007 996 1165 1028 Hermano
1180 997 1216 1028 de
1229 998 1378 1035 Monrial,
1396 998 1495 1035 diac.,
1513 998 1725 1039 dispensatio
1741 1000 1777 1031 ut
1795 1008 1913 1031 canon.
1926 1001 1959 1030 et
1974 998 2077 1039 praeb.
2095 999 2178 1031 eccl.
2193 1000 2361 1038 Bunnen„

754 1052 930 1083 Colonien.
951 1051 1011 1089 di„
1033 1052 1179 1083 retinere
1203 1051 1326 1090 valeat,
1345 1060 1411 1083 non
1434 1051 1522 1084 obst.
1539 1052 1630 1093 quod
1647 1052 1742 1090 olim,
1766 1061 1842 1084 cum
1862 1053 2014 1093 regimen
2033 1053 2202 1084 terrarum
2218 1052 2363 1094 Ruperti

753 1105 889 1136 comitis
905 1105 945 1137 de
960 1105 1195 1146 Vernenburg‚
1214 1105 1249 1136 in
1265 1105 1416 1137 servitiis
1432 1105 1596 1145 archiep.i
1608 1106 1825 1138 Coloniensis
1841 1106 2030 1144 constituti,
2043 1107 2230 1144 exerceret,
2247 1113 2361 1147 quem·

753 1159 830 1190 dam
850 1159 1116 1196 malefactorem,
1134 1159 1283 1199 quicum
1310 1158 1537 1199 complicibus
1563 1160 1637 1191 suis
1654 1160 1820 1200 quasdam
1837 1160 1960 1192 domus
1977 1159 2155 1200 cujusdam
2172 1159 2263 1192 villae
2282 1160 2363 1192 Tre-

752 1222 866 1244 veren.
884 1213 944 1251 di.‚
960 1213 995 1244 in
1011 1222 1078 1253 qua
1094 1213 1286 1253 arcliiep.us
1303 1213 1485 1245 Treveren.
1513 1214 1546 1244 et
1564 1222 1678 1245 comes
1701 1213 1884 1254 praedictus
1900 1213 2090 1245 dominium
2109 1213 2266 1245 obtinent
2279 1214 2364 1246 tem-

752 1267 881 1307 porale,
892 1266 1048 1298 incendio
1062 1269 1346 1304 concremaverat,
1358 1267 1431 1307 capi
1444 1267 1524 1299 fecit
1534 1269 1566 1299 et
1580 1267 1786 1299 officialibus
1799 1267 1963 1307 archiep.i
1972 1269 2006 1299 et
2019 1267 2156 1299 comitis
2165 1267 2363 1299 eorumdem

751 1320 904 1358 tradidit,
923 1330 941 1351 a
959 1320 1084 1360 quibus
1106 1321 1228 1352 ultimo
1251 1321 1421 1361 supplicio
1447 1321 1629 1361 deputatus
1656 1321 1731 1352 suit.
1759 1321 1812 1360 (A.
1835 1323 1886 1359 26,
1903 1321 1926 1353 f.
1947 1322 2004 1353 155
2021 1320 2059 1357 ι’;
2082 1320 2116 1353 V.
2135 1321 2186 1358 82,
2207 1329 2260 1361 ep.
2281 1322 2361 1358 ¹575

752 1374 941 1406 Sauerland
959 1373 1193 1414 (maimunde),
1213 1375 1236 1406 t.
1257 1374 1282 1409 Ι,
1302 1383 1334 1414 p.
1352 1375 1423 1414 481,
1442 1383 1475 1405 n.
1494 1375 1598 1413 1076.)

798 1424 934 1457 26880.
950 1446 987 1450 -
1003 1428 1091 1469 Ep.o
1106 1427 1298 1459 Bononiensi
1313 1428 1426 1459 mand.
1443 1429 1479 1460 ut
1498 1428 1654 1460 absolvat
1670 1428 1852 1460 nonnullos
1870 1428 2019 1460 scolares
2035 1427 2274 1460 universitatis
2289 1435 2361 1460 sco·

752 1482 876 1513 larium
891 1482 1077 1513 Bononien.
1095 1491 1281 1522 eorumque
1299 1481 1488 1513 familiares
1502 1491 1522 1514 a
1535 1482 1647 1522 poenis
1663 1482 1812 1514 incursis
1833 1491 1872 1514 eo
1889 1482 1980 1523 quod
1995 1491 2072 1514 cum
2095 1481 2286 1514 Ferrarien.
2312 1489 2362 1513 re-

751 1535 900 1566 bellibus
919 1537 960 1567 R.
977 1536 1016 1567 E.
1035 1535 1294 1575 participarunt.
1312 1535 1366 1576 (A.
1385 1537 1436 1573 26,
1456 1535 1479 1566 f.
1497 1537 1558 1566 214
1571 1535 1606 1574 ¹³3
1629 1535 1665 1567 V.
1681 1537 1732 1574 82,
1750 1545 1803 1576 ep.
1825 1537 1885 1567 237
1903 1537 1959 1575 Α.)

798 1586 935 1619 26881.
955 1607 992 1612 -—
1010 1589 1118 1620 Blasio
1133 1589 1266 1620 Joannis
1293 1589 1411 1621 Veteris
1433 1589 1469 1620 de
1494 1589 1696 1630 Piqnatario,
1727 1589 1807 1621 cler.
1835 1598 1909 1621 non>
1920 1590 2099 1630 conjugato
2115 1598 2177 1621 nec
2198 1589 2234 1621 in
2254 1589 2363 1621 sacris

753 1643 823 1674 ord.
843 1644 1039 1679 constituto,
1053 1643 1272 1674 Cassinensis
1284 1643 1344 1679 di.,
1359 1652 1452 1674 conc.
1472 1643 1716 1675 tabellionatus
1731 1643 1786 1675 off.
1803 1643 1855 1682 (A.
1872 1644 1923 1679 26,
1941 1643 1964 1675 f.
1980 1645 2038 1676 155
2054 1648 2067 1665 ¹
2085 1645 2118 1675 et
2136 1644 2234 1680 15623
2257 1643 2295 1675 V.
2308 1643 2361 1680 82,

753 1705 805 1736 ep.
825 1697 930 1735 1001.)

797 1748 935 1780 26882.
957 1769 994 1773 -
1011 1750 1141 1781 Mathaeo
1161 1749 1298 1780 Berardi
1314 1749 1350 1780 de
1373 1749 1502 1791 Sayano
1521 1750 1634 1782 collat.
1651 1750 1858 1790 archipresb.
1878 1750 1990 1790 plebis
2007 1759 2034 1781 s.
2053 1750 2215 1790 Stephani
2230 1750 2271 1782 de
2287 1750 2363 1783 Cal-

752 1804 897 1842 deraria,
916 1804 1177 1836 PensaurIensis
1194 1804 1253 1840 di„
1271 1813 1300 1835 c.
1317 1813 1357 1840 c.,
1373 1813 1433 1844 per
1447 1803 1578 1835 obitum
1594 1804 1687 1835 Petri
1707 1813 1734 1835 s.
1750 1804 1872 1844 Angeli
1889 1804 2024 1836 diaconi
2041 1804 2131 1835 card.
2157 1804 2247 1844 apud
2261 1805 2297 1837 S.
2318 1806 2360 1837 A.

752 1858 902 1890 defuncti
921 1867 991 1889 vac.
1009 1875 1048 1880 —-
1061 1858 1087 1889 I.
1107 1866 1136 1888 e.
1160 1867 1205 1889 m.
1222 1866 1298 1897 ep.o
1314 1857 1518 1893 Ariminen,
1540 1859 1573 1889 et
1598 1857 1726 1889 archid.
1749 1858 1977 1895 Camerinen.,
2001 1866 2039 1890 ac
2055 1857 2193 1889 scolast.
2209 1857 2359 1898 Ispalen.

751 1913 831 1943 eccl.
852 1912 904 1949 (A.
917 1913 970 1949 28,
990 1912 1013 1942 f.
1029 1912 1090 1943 380
1106 1917 1140 1949 ει;
1164 1911 1197 1942 V.
1214 1912 1265 1947 84,
1283 1920 1336 1951 ep.
1354 1912 1434 1943 3065
1449 1912 1502 1950 Α.)

798 1963 933 1995 28883.
953 1984 990 1989 -
1011 1965 1093 2005 May.
1119 1965 1235 1997 Joanni
1252 1964 1289 1995 de
1308 1965 1436 1996 Anneus
1453 1965 1576 1996 rectori
1592 1964 1727 2005 paroch.
1746 1965 1827 1996 eccl.
1849 1974 1877 1996 s.
1898 1965 2046 1996 Amandi
2065 1964 2101 1996 in
2117 1964 2261 2003 Pabula,
2279 1965 2363 1998 Tor·

750 2028 867 2051 nacen.
886 2020 946 2057 di„
963 2019 1140 2059 theologiae
1156 2019 1298 2056 doctori,
1319 2019 1441 2050 induit.
1466 2020 1503 2050 ut
1529 2028 1549 2050 a
1572 2020 1724 2059 tempore
1751 2028 1818 2059 quo
1841 2019 1877 2050 in
1897 2019 2054 2050 Romana
2075 2019 2170 2050 curia
2185 2027 2221 2050 se
2239 2018 2362 2051 asserit

749 2074 931 2111 resedisse,
950 2073 1108 2104 videlicet
1125 2082 1143 2103 a
1156 2082 1201 2103 xv
1214 2072 1283 2104 kal.
1300 2072 1382 2104 maii
1400 2072 1556 2113 proxime
1571 2072 1746 2113 praeteriti,
1760 2081 1869 2112 usque
1885 2072 1928 2103 ad
1943 2072 2070 2104 festum
2085 2071 2247 2105 Omnium
2261 2072 2363 2104 Sanc-

750 2129 862 2159 torum
881 2127 1075 2159 immediate
1092 2135 1250 2166 sequens,
1267 2128 1300 2158 et
1316 2135 1424 2166 usque
1442 2126 1484 2158 ad
1503 2126 1687 2158 triennium
1703 2127 1822 2166 postea
1834 2126 1989 2157 Parisius
2007 2134 2139 2157 sacram
2154 2125 2360 2166 theologiam

750 2181 904 2222 legendo,
924 2181 1067 2218 fructus,
1082 2180 1236 2212 redditus
1253 2182 1284 2212 et
1301 2182 1488 2220 proventus
1504 2180 1602 2212 dictae
1617 2180 1754 2221 paroch.
1769 2179 1851 2211 eccl.
1868 2180 2044 2220 percipere
2061 2179 2184 2218 valeat,
2202 2180 2237 2211 et
2253 2179 2297 2211 ad
2310 2188 2362 2212 re-

750 2236 929 2267 sidendum
948 2235 1085 2266 interim
1104 2234 1139 2265 in
1155 2234 1274 2266 eadem
1290 2234 1433 2265 minime
1450 2235 1618 2265 teneatur.
1635 2234 1686 2273 (A.
1706 2235 1757 2271 25,
1775 2233 1798 2264 f.
1815 2234 1874 2264 543
1891 2233 1923 2271 1’;
1945 2233 1981 2264 V.
1995 2234 2046 2271 82,
2064 2242 2117 2273 ep.
2134 2234 2212 2271 144;
2228 2233 2360 2265 Denifie

750 2291 782 2321 et
798 2289 984 2326 Chatelain,
1006 2287 1241 2319 Chartularium
1261 2287 1481 2318 Universitatis
1496 2287 1698 2325 parisiensis,
1717 2289 1741 2319 t.
1758 2287 1803 2323 11.
1821 2296 1853 2327 p.
1868 2288 1939 2324 294,
1958 2296 1990 2318 n.
2009 2288 2096 2326 858.)

794 2340 934 2372 28884.
953 2359 992 2366 -
1014 2342 1097 2382 May.
1117 2341 1248 2372 Andreae
1267 2340 1303 2371 de
1323 2340 1452 2378 Verulis,
1469 2350 1541 2372 can.
1563 2341 1835 2376 Wratislavien.‚
1860 2341 1960 2380 Papae
1976 2340 2108 2380 script„
2127 2340 2292 2381 indulget.
2309 2342 2358 2377 ut,

750 2397 784 2427 in
800 2396 955 2428 Romana
971 2396 1064 2426 curia
1082 2395 1213 2426 ratione
1235 2395 1291 2426 off.
1314 2395 1493 2434 scriptoris
1508 2394 1542 2426 S.
1564 2395 1605 2426 A.
1631 2393 1807 2434 ohsequiis
1828 2393 2032 2431 insistendo,
2059 2393 2191 2425 fructus
2206 2388 2359 2426 omnium

749 2450 860 2481 benef.
881 2458 1021 2480 suorum
1043 2449 1173 2489 integre
1200 2448 1366 2488 percipiat
1393 2447 1522 2488 absque
1551 2447 1749 2479 residentia.
1776 2465 1815 2470 —
1839 2447 1866 2478 Ι.
1887 2456 1916 2478 e.
1944 2456 1989 2478 m.
2013 2455 2041 2477 s.
2059 2447 2233 2479 Vincentii
2253 2455 2359 2488 prope

749 2504 1024 2540 Wratislaviam,
1042 2504 1074 2533 et
1089 2503 1130 2533 de
1146 2500 1382 2539 Chracumba,
1398 2501 1595 2533 Cracovien.
1616 2501 1676 2538 di.‚
1692 2502 1838 2532 monast.
1857 2500 1947 2538 abl).,
1968 2510 2005 2532 ac
2017 2500 2144 2532 Jacobo
2159 2501 2200 2533 de
2214 2501 2358 2539 Mutina,

749 2557 927 2589 scolastico
944 2556 1025 2588 eccl.
1044 2556 1193 2593 Tullen.‚
1211 2556 1312 2595 Papae
1326 2564 1400 2595 cap.
1419 2555 1472 2596 (A.
1491 2556 1542 2592 26,
1563 2554 1586 2585 f.
1604 2555 1662 2586 100
1678 2554 1710 2591 b;
1737 2554 1767 2584 V.
1787 2555 1838 2590 82,
1856 2563 1908 2594 ep.
1930 2554 2016 2594 188.)

793 2607 930 2639 26885.
950 2627 989 2631 -
1004 2609 1123 2640 ,Ιοαηηί
1137 2619 1163 2639 s.
1181 2608 1334 2639 Theodori
1348 2607 1431 2639 diac.
1448 2607 1535 2638 card.
1553 2608 1809 2639 commendatur
1821 2616 1928 2647 usque
1940 2608 1981 2639 ad
1997 2608 2030 2639 S.
2047 2608 2088 2639 A.
2105 2607 2358 2648 beneplacitum

749 2664 892 2696 ecclesia
907 2673 935 2695 s,
953 2663 1074 2703 Angeli
1091 2663 1125 2694 in
1145 2662 1218 2694 foro
1237 2663 1385 2702 piscium
1402 2662 1442 2693 de
1459 2661 1563 2699 Urbe,
1581 2670 1655 2702 quae
1671 2661 1794 2693 titulus
1811 2661 2043 2693 cardinalatus
2061 2670 2137 2693 esse
2153 2661 2358 2700 dinoscitur,

749 2718 791 2749 ad
807 2726 957 2758 praesens
976 2717 1113 2757 proprio
1128 2716 1218 2747 card.
1239 2724 1368 2747 carens.
1387 2715 1439 2754 (A.
1456 2716 1508 2753 26,
1527 2715 1551 2746 Ῐ“.
1566 2717 1606 2747 96
1623 2715 1657 2753 b;
1679 2715 1715 2746 V.
1730 2715 1780 2750 82,
1799 2724 1850 2755 ep.
1867 2716 1953 2753 201.)

792 2768 931 2801 26886.
950 2788 987 2793 -
1002 2770 1044 2802 Ν.
1065 2780 1093 2800 υ.
1108 2769 1268 2811 Stephano
1283 2768 1320 2800 de
1334 2770 1514 2807 Montanea,
1543 2773 1618 2799 nato
1636 2768 1793 2810 quondam
1813 2768 1938 2799 Nicolai
1959 2768 1998 2799 de
2010 2769 2189 2807 Montanea,
2213 2772 2243 2799 et
2267 2778 2299 2798 n.
2316 2778 2358 2799 m.

749 2824 933 2861 Franciscae,
949 2828 1029 2854 natae
1041 2823 1156 2865 quond.
1169 2822 1302 2854 Andreae
1315 2822 1352 2853 de
1365 2822 1530 2861 Pontibus,
1550 2823 1720 2854 Marsicam.
1737 2816 1795 2860 di„
1809 2823 1960 2863 dispens.
1977 2831 2080 2862 super
2098 2826 2150 2853 111⁰
2168 2823 2201 2853 et
2217 2826 2263 2852 iv⁰
2279 2830 2358 2854 con-

748 2878 903 2919 sanguin.
924 2877 1086 2918 gradibus
1103 2877 1138 2908 in
1154 2877 1304 2908 matrim.
1334 2876 1560 2908 contrahendo
1583 2877 1624 2908 ad
1642 2876 1818 2908 vitandum
1834 2876 1913 2907 odia
1930 2876 2020 2908 inter
2036 2875 2205 2907 vassallos
2223 2883 2354 2913 eorum,

748 2941 824 2964 cum
847 2931 1105 2972 jurisdictiones
1129 2933 1162 2962 et
1187 2930 1361 2962 territoria
1385 2931 1578 2962 castrorum
1605 2939 1721 2961 eorum
1748 2929 1947 2961 intermixta
1970 2929 2056 2967 sint3
2081 2929 2225 2969 supplic.
2249 2937 2282 2959 n.
2307 2937 2354 2960 m.

748 2985 880 3022 Ysolla,
901 2985 1075 3025 Stephani,
1092 2986 1125 3016 et
1141 2985 1285 3023 Joanna,
1302 2984 1494 3016 Franciscae
1513 2983 1695 3015 matribus.
1713 2983 1766 3023 (A.
1784 2985 1835 3020 26,
1857 2983 1880 3015 s.
1896 2984 1956 3015 215
1969 2988 2000 3020 ²5
2023 2982 2058 3014 V.
2078 2983 2129 3021 82,
2144 2991 2196 3023 ep.
2216 2983 2301 3021 219.)
