2540 3496
222 432 326 459 Datum
343 425 529 459 Avenione.

224 533 262 561 13
277 533 337 567 (id.)
355 541 420 568 auy.
441 532 529 560 1326.

270 578 300 605 Τ.
318 578 389 611 xlv,
408 577 478 605 XVI.

335 1712 373 1740 Ut
392 1720 416 1740 s.

287 1757 317 1784 T.
335 1757 382 1791 XI,
395 1757 467 1784 XIII.

333 1872 371 1900 Ut
391 1881 415 1901 s.

285 1917 316 1944 T.
337 1917 383 1951 XI,
400 1917 471 1945 XIII.

338 2086 375 2114 Ut
394 2095 417 2114 s.

309 2132 339 2159 T.
357 2132 450 2160 XXIV.

342 2461 379 2489 Ut
395 2469 418 2488 s.

289 2506 320 2534 Τ.
337 2506 383 2540 XI,
399 2506 471 2534 XIII.

345 2889 381 2917 Ut
397 2897 421 2917 s.

290 2933 322 2960 T.
343 2933 389 2966 XI,
409 2933 481 2962 xm.

588 341 762 373 JOANNIS
785 343 904 373 PAPAE
926 344 1028 374 XXII.
1053 345 1301 382 (1316-1334).
1324 363 1363 367 -
1385 345 1571 375 LITTERAE
1595 344 1819 376 COMMUNES
2158 348 2216 378 283

663 531 801 563 26223.
820 551 859 557 --
876 534 969 575 Huqo
985 535 1020 565 de
1037 535 1160 576 Oryolio
1181 537 1386 568 transfertur
1401 546 1418 568 e
1435 538 1640 568 monasterio
1666 537 1768 570 Silvae
1789 538 1928 578 Majoris
1952 538 1994 569 ad
2013 540 2156 570 monast.
2179 540 2219 571 de

619 586 787 623 Salmuro,
806 587 845 619 0.
862 588 895 618 S.
916 589 967 626 B„
985 589 1209 629 Burdegalen.
1225 593 1257 621 et
1273 590 1491 630 Andegaven.
1509 591 1566 628 di.,
1585 591 1683 631 eique
1700 591 1873 622 confertur
1885 591 2057 631 prioratus
2073 592 2113 624 de
2126 593 2220 624 Pele-

619 648 714 680 grua,
732 640 814 671 dicti
837 641 921 678 ord,
941 642 1141 673 Vasatensis
1164 643 1222 678 di.,
1241 645 1386 675 monast.
1401 644 1441 675 de
1462 644 1619 676 Salmuro
1637 644 1834 676 immediate
1855 644 2039 684 subjectus,
2053 654 2113 685 per
2128 655 2218 678 mon.

618 693 743 723 solitus
759 693 836 732 gub.
855 696 888 724 et
905 694 947 724 ad
961 694 1116 726 abbatem
1131 696 1238 735 ejusd.
1254 698 1412 734 monast,
1429 698 1465 728 ut
1482 697 1618 735 dicitur,
1632 698 1819 737 pertinens,
1833 707 1956 729 vacans
1967 707 2027 738 per
2038 700 2220 732 assecutio-

619 754 697 777 nem
713 747 885 785 prioratus
906 747 1024 778 Pontis
1040 748 1204 785 Dinanni,
1219 749 1327 788 ejusd.
1343 750 1428 786 ord.,
1445 750 1565 781 Dolen.
1583 751 1643 788 di.,
1660 751 1719 791 qui
1735 751 1906 783 Aimerico
1924 752 2033 783 Peleti
2049 754 2136 784 auct.
2152 753 2219 785 litt.

618 801 727 839 apost.
746 799 891 830 collatus
903 800 978 831 fuit.
993 818 1032 837 ,-
1047 801 1074 831 Ι.
1088 810 1117 832 0.
1131 810 1176 831 m.
1194 811 1269 841 ep.o
1286 802 1494 840 Caturcensi,
1508 805 1540 834 et
1551 804 1722 835 Bernardo
1738 804 1900 844 Stephani
1912 814 1950 836 ac
1963 805 2132 845 Stephano
2142 807 2221 838 Dio-

620 853 708 889 zido‚
726 861 799 883 can.
818 853 898 883 eccl.
916 853 1145 885 Caturcensis.
1163 855 1216 892 (A.
1233 856 1283 889 25,
1304 855 1326 885 f.
1345 857 1404 887 364
1418 861 1448 893 ·;
1469 855 1502 886 V.
1522 858 1573 894 81,
1592 866 1643 897 ep.
1661 858 1765 897 2219.)

664 902 800 935 26224.
824 923 859 927 —
878 906 1070 946 Bevrenqario
1088 907 1249 948 archiep.o
1273 907 1520 948 Compostellano
1541 911 1654 941 mand.
1671 912 1720 948 ut,
1735 911 1766 942 si
1782 912 2002 943 Franciscum
2022 912 2115 944 Petri
2130 913 2221 953 prio-

618 968 691 990 rem
707 961 854 990 monast.
874 968 903 990 s.
922 959 1041 990 Crucis
1061 960 1294 997 Colimbrien.,
1311 970 1371 1000 per
1388 962 1536 1001 priorem
1557 964 1649 994 soliti
1666 963 1745 1003 gub.
1766 965 1798 995 et
1815 964 1857 996 ad
1872 965 1913 996 R.
1934 966 1971 996 Ε.
1994 965 2088 997 011110
2109 966 2221 998 medio

619 1012 835 1053 pertinentis,
859 1013 898 1044 Ο.
917 1013 950 1044 S.
970 1013 1024 1049 A„
1044 1013 1306 1053 dilapidatorem
1329 1014 1496 1045 bonorum
1520 1015 1629 1055 ejusd.
1648 1018 1793 1048 monast.
1821 1018 2000 1052 invenerit,
2026 1020 2058 1050 et
2075 1019 2222 1050 diversis

618 1075 749 1098 excom.
771 1066 951 1098 sententiis
974 1067 1186 1104 innodatum,
1211 1067 1462 1107 irregularitate
1482 1070 1514 1099 et
1544 1069 1621 1100 aliis
1644 1070 1791 1101 diversis
1815 1071 2015 1103 criminibus
2039 1072 2221 1110 irretitum,

619 1129 697 1151 cum
723 1120 878 1151 simoniae
895 1120 1018 1151 vitium
1041 1121 1267 1158 committere,
1294 1121 1527 1152 confessiones
1545 1123 1708 1158 revelare,
1731 1124 1903 1161 adulterii,
1930 1125 2051 1165 stupri,
2069 1126 2221 1164 haeresiS,

617 1173 806 1210 homicidii,
826 1173 994 1214 sortilegii
1019 1174 1052 1205 et
1073 1174 1141 1205 alia
1156 1175 1352 1214 perpetrare
1378 1175 1522 1206 crimina
1540 1184 1606 1206 non
1631 1177 1819 1216 expaverit,
1837 1177 1951 1217 ipsum
1969 1178 2009 1210 ab
2030 1179 2137 1218 eJusd.
2155 1189 2223 1211 mo-

617 1228 713 1259 nast..
724 1227 1030 1264 administratione,
1046 1236 1148 1267 quam
1163 1227 1337 1267 aliquibus
1351 1228 1435 1259 viris
1451 1229 1532 1259 dicti
1551 1229 1623 1260 ord.
1639 1230 1839 1268 committat,
1855 1232 2051 1270 suspendat,
2064 1233 2096 1263 et
2110 1241 2223 1264 coram

618 1281 711 1320 Papa
728 1281 769 1311 ad
787 1281 1052 1320 comparendum
1069 1281 1160 1312 citet.
1180 1281 1232 1321 (A.
1248 1282 1288 1312 25
1304 1282 1325 1318 1,
1339 1281 1362 1311 f.
1379 1283 1436 1313 357
1452 1287 1481 1318 ³5
1505 1282 1538 1311 V.
1557 1283 1608 1319 81,
1629 1291 1682 1322 ep.
1697 1284 1803 1322 2329.)

663 1331 804 1364 26225.
821 1352 859 1357 —
876 1334 1006 1365 Archid.
1027 1334 1184 1375 Fiyiacen.
1204 1334 1384 1372 Calurcen„
1403 1339 1432 1365 et
1445 1336 1582 1366 sacristae
1598 1336 1835 1377 Forojuliensis,
1852 1348 1888 1368 ac
1909 1337 2071 1369 Guillelmo
2088 1338 2124 1370 de
2141 1340 2222 1371 Con-

619 1398 704 1429 quos,
725 1398 792 1418 can.
808 1388 930 1429 Aquen.
953 1387 1040 1425 eccl„
1059 1388 1173 1420 mand.
1189 1389 1225 1419 ut
1248 1389 1441 1420 Raimundo
1464 1389 1504 1420 de
1528 1390 1736 1430 Carayguas,
1756 1399 1828 1421 can.
1855 1391 1936 1422 0001.
1954 1401 1981 1423 s.
2006 1393 2168 1432 Stephani
2183 1395 2223 1425 de

620 1442 771 1473 Tescone
788 1441 1042 1476 Montisalban„
1061 1442 1162 1482 Papae
1183 1442 1306 1477 famil.‚
1327 1442 1501 1474 conferant
1521 1443 1691 1482 quoddam
1707 1443 1894 1484 hospitium
1908 1447 2108 1477 consuetum
2128 1455 2224 1478 cano-

618 1495 695 1527 nico
718 1495 826 1535 ejusd.
843 1495 923 1526 0001.
941 1495 1122 1536 assignari,
1139 1496 1230 1535 quod
1247 1496 1396 1527 Joannes
1418 1496 1459 1527 de
1482 1496 1613 1533 Mauso,
1629 1506 1701 1528 can.
1722 1497 1832 1537 ejusd.
1856 1498 1950 1533 eccl„
1969 1499 2098 1530 ratione
2121 1500 2224 1539 praeb.

620 1558 690 1580 suae
706 1557 810 1589 prope
826 1549 936 1588 ipsam
960 1549 1041 1580 0001.
1061 1548 1191 1580 obtinet
1210 1551 1243 1580 et
1265 1549 1421 1589 proxime
1437 1551 1490 1581 est
1508 1550 1715 1582 dimissurus
1732 1559 1774 1582 ex
1790 1559 1829 1582 eo
1846 1551 1936 1591 quod
1953 1552 2098 1583 alterum
2113 1553 2224 1593 hospi-

618 1603 706 1634 tium
722 1603 852 1634 ratIOne
867 1602 1025 1634 cantoriae
1043 1603 1141 1634 dictae
1157 1602 1252 1640 eccl„
1270 1612 1330 1644 per
1347 1603 1385 1634 P.
1402 1603 1441 1634 P.
1463 1603 1528 1634 eid.
1548 1603 1690 1641 collatae,
1707 1604 1775 1644 ipsi
1796 1604 1960 1643 debitum,
1974 1605 2158 1646 adepturus
2174 1608 2226 1638 est

619 1657 655 1688 in
670 1656 778 1688 brevi.
793 1656 847 1696 (A.
866 1657 917 1694 25,
939 1656 963 1687 f.
981 1657 1040 1687 398
1058 1656 1090 1694 1);
1113 1656 1148 1687 V.
1165 1657 1215 1694 81,
1234 1665 1286 1696 ep.
1304 1658 1410 1696 2397.)

664 1707 804 1740 26226.
820 1728 857 1732 -
871 1710 1047 1741 Raimundo
1062 1709 1101 1741 de
1119 1709 1316 1753 Carayquas,
1334 1710 1431 1751 Papae
1440 1710 1558 1751 famil„
1574 1711 1710 1742 collatio
1727 1720 1844 1744 canon.
1857 1713 1890 1743 et
1902 1712 2005 1752 praeb.
2021 1713 2101 1744 0001.
2116 1722 2144 1744 s.
2156 1714 2226 1746 Ste-

621 1764 723 1805 phani
744 1764 784 1794 de
808 1764 958 1795 Tescone
984 1764 1020 1795 in
1038 1763 1216 1795 suburbiis
1232 1764 1487 1800 Montisalban„
1503 1774 1575 1796 vac.
1594 1774 1654 1804 per
1677 1764 1808 1797 obitum
1826 1766 1914 1806 apud
1942 1767 1976 1798 S.
1991 1767 2032 1797 A.
2050 1767 2227 1799 Guillelmi

620 1818 772 1850 Martini.
789 1835 825 1840 --
839 1817 865 1848 I.
881 1826 910 1848 e.
926 1826 971 1848 m.
987 1817 1160 1857 praedictis
1172 1817 1347 1857 judicibus
1361 1818 1614 1849 executoribus.
1632 1819 1685 1858 (A.
1702 1820 1752 1856 25,
1770 1819 1793 1849 f.
1806 1821 1866 1851 403
1880 1825 1907 1856 ·;
1928 1819 1965 1852 V.
1981 1821 2032 1857 81,
2050 1829 2102 1860 ep.
2121 1821 2227 1861 2398.)

669 1868 805 1900 26227.
823 1889 861 1893 -
877 1870 1031 1902 Catalano
1049 1870 1198 1902 Catalani
1212 1870 1248 1901 de
1267 1870 1420 1909 Valriaco,
1437 1881 1509 1903 can.
1530 1871 1763 1911 praebendario
1781 1873 1861 1904 eccl.
1881 1874 2100 1911 Cavallicen.‚
2120 1875 2228 1914 gratia

622 1934 717 1965 exsp.
739 1925 850 1956 benef.
866 1934 893 1956 0.
912 1934 940 1956 0.
955 1925 1010 1956 vel
1024 1925 1064 1965 (s.
1080 1933 1107 1956 0.
1125 1926 1165 1956 50
1183 1925 1207 1956 l.
1223 1926 1262 1964 t.)
1280 1925 1315 1956 in
1333 1925 1423 1957 civit.
1435 1926 1490 1957 vel
1503 1926 1548 1957 di.
1566 1926 1712 1963 Uticen.,
1730 1927 1854 1966 pertin.
1870 1927 1912 1958 ad
1928 1927 2144 1959 collationem
2160 1929 2228 1968 ep.i

622 1979 807 2011 Uticensis.
822 1997 859 2002 -—
875 1979 903 2009 Ι.
918 1988 946 2009 0.
963 1987 1009 2010 m.
1027 1979 1229 2010 Aurasicen.
1247 1980 1280 2010 et
1297 1979 1460 2011 Tolonen.
1480 1979 1579 2019 epis,
1590 1988 1626 2010 ac
1642 1979 1769 2011 archid.
1789 1981 1942 2012 Elnensi.
1961 1981 2012 2020 (A.
2028 1982 2078 2017 25,
2091 1981 2115 2012 f.
2131 1983 2226 2020 398·;

629 2032 662 2064 V.
679 2034 729 2070 81,
746 2041 798 2071 ep.
813 2032 921 2071 2405.)

669 2083 807 2116 26228.
824 2103 862 2108 -
878 2085 913 2116 S.
930 2085 1094 2116 Laurentii
1109 2086 1282 2117 Florentin.
1301 2092 1328 2116 et
1343 2097 1368 2117 s.
1386 2086 1495 2118 Jacobi
1509 2086 1593 2117 ultra
1618 2087 1739 2118 Arnum
1753 2087 1926 2119 Florentin.
1940 2088 2112 2129 prioribus,
2128 2100 2164 2120 ac
2178 2099 2227 2121 ar-

623 2140 723 2181 chipr.
743 2139 816 2170 eccl.
841 2139 1015 2170 Vulteranae
1032 2140 1145 2171 mand.
1169 2142 1206 2171 ut
1223 2140 1420 2172 Alexandro
1446 2142 1524 2172 nato
1541 2141 1636 2172 Gerii
1660 2142 1700 2173 de
1724 2142 1853 2182 Spinis,
1873 2143 1995 2175 clerico
2017 2143 2225 2183 Florentino,

623 2193 798 2225 conferant
816 2194 1007 2232 prioratum
1030 2193 1145 2224 saecul.
1164 2194 1245 2225 eccl.
1262 2194 1294 2225 S.
1314 2194 1359 2224 M.
1380 2194 1420 2225 de
1442 2194 1612 2232 Peretulo,
1632 2204 1659 2226 c.
1676 2204 1716 2232 c.‚
1736 2196 1944 2227 Florentinae
1961 2196 2020 2234 di.,
2039 2206 2113 2237 quae
2128 2197 2227 2229 00110-

623 2247 714 2288 giata
737 2249 769 2278 et
797 2246 832 2278 in
853 2246 1009 2286 partibus
1025 2247 1158 2278 Tusciae
1184 2247 1319 2285 existit3
1339 2247 1420 2278 dicti
1444 2247 1617 2287 prioratus
1636 2249 1730 2288 prior
1753 2250 1930 2281 consuevit
1946 2258 2007 2290 per
2029 2251 2228 2282 electionem

623 2301 772 2338 assumi;
787 2308 849 2340 per
863 2300 994 2331 obitum
1011 2300 1160 2331 Bandini
1176 2300 1216 2332 de
1230 2301 1455 2341 Gamgalandi
1471 2302 1560 2341 apud
1577 2302 1610 2333 S.
1627 2302 1669 2334 A.
1687 2303 1814 2342 praevia
1831 2303 1980 2343 generali
1995 2312 2056 2344 per
2071 2304 2110 2335 P.
2131 2304 2170 2336 P.
2188 2304 2228 2335 de

626 2353 787 2386 omnibus
803 2354 924 2394 colleg.
942 2354 1024 2385 eccl.
1043 2354 1080 2384 in
1097 2354 1198 2386 dictis
1220 2354 1374 2394 partibus
1391 2355 1659 2387 consistentibus
1681 2356 1768 2388 facta
1784 2358 1948 2388 reservat.
1967 2357 2041 2397 ipse
2057 2358 2229 2397 prioratus

623 2409 732 2440 vacat.
752 2407 803 2446 (Α.
820 2409 871 2445 25,
887 2407 910 2439 f.
930 2408 990 2439 417
1006 2413 1034 2444 ¹5
1056 2407 1092 2439 V.
1109 2409 1160 2445 81,
1176 2417 1228 2448 ep.
1248 2409 1356 2448 2425.)

669 2459 806 2491 26229.
827 2478 866 2484 -
893 2460 1072 2492 Almerario
1100 2461 1136 2492 de
1156 2461 1359 2503 Cabrespino,
1381 2462 1505 2495 clerico
1524 2463 1740 2495 Mimatensis
1766 2464 1826 2501 di.,
1855 2465 1964 2504 gratia
1993 2474 2089 2505 exsp.
2117 2465 2227 2496 benef.

625 2517 665 2555 (0.
681 2525 708 2547 c.
726 2516 765 2547 70
791 2515 846 2546 vel
867 2523 896 2546 S.
916 2524 945 2546 c.
962 2516 1003 2547 40
1023 2515 1047 2546 1.
1067 2517 1106 2555 t.)
1123 2515 1159 2546 in
1182 2516 1274 2547 civit.
1294 2516 1349 2548 vel
1372 2517 1418 2547 di.
1444 2517 1632 2554 Mimaten.‚
1649 2518 1772 2557 pertin.
1800 2518 1841 2549 ad
1859 2518 1972 2550 collat.
1986 2519 2054 2558 ep.i
2073 2520 2104 2550 et
2128 2518 2228 2558 capit.

623 2569 818 2606 Mimaten.;
836 2577 904 2600 non
920 2568 1008 2600 obst.
1031 2569 1141 2609 gratia
1157 2577 1253 2609 exsp.
1271 2569 1383 2601 benef.
1399 2579 1426 2601 0.
1442 2579 1470 2601 0.
1487 2571 1542 2602 vel
1559 2579 1586 2602 s.
1603 2580 1631 2602 0.
1653 2571 1695 2602 ad
1717 2571 1934 2602 collationem
1950 2571 2076 2611 prioris
2090 2573 2123 2603 et
2139 2571 2228 2611 capi·

623 2622 688 2654 tuli
703 2622 816 2653 saecul.
834 2622 915 2654 eccl.
931 2631 958 2653 s.
973 2622 1136 2654 Germani
1152 2631 1257 2662 prope
1268 2622 1437 2662 Mestum,
1455 2623 1703 2655 Nemausensis
1717 2624 1777 2662 di.,
1795 2624 1862 2664 ipsi
1878 2633 1897 2655 a
1911 2624 2084 2656 Clemente
2099 2625 2229 2664 PapaV

624 2684 798 2713 concessa,
815 2676 857 2707 de
880 2684 946 2716 qua
971 2676 1104 2707 nullum
1129 2676 1346 2708 commodum
1363 2677 1511 2708 obtinuit
1536 2686 1597 2717 pro
1616 2686 1655 2709 eo
1680 2678 1770 2718 quod
1787 2678 1823 2708 in
1841 2687 1880 2709 ea
1902 2686 1997 2709 error
2012 2678 2135 2715 extitit,
2151 2686 2228 2709 cum

625 2729 715 2760 dicta
731 2729 812 2761 eccl.
834 2738 900 2760 non
918 2729 1105 2765 saecularis,
1124 2729 1184 2761 sed
1198 2730 1366 2770 regularis
1383 2730 1523 2762 existat.
1538 2747 1575 2753 ——-
1594 2731 1621 2762 I.
1639 2740 1666 2763 e.
1684 2740 1729 2762 m.
1747 2730 1918 2770 archiep.0
1933 2730 2180 2768 Ebredunensi,
2195 2731 2229 2762 et

623 2791 727 2823 praep.
752 2782 978 2823 Magalonen.‚
995 2791 1032 2814 ac
1056 2783 1157 2815 Petro
1183 2784 1224 2815 de
1246 2783 1435 2822 Vidillano,
1461 2793 1535 2815 can.
1557 2784 1804 2816 Nemausensis
1829 2784 1910 2815 eccl.
1935 2784 1986 2823 (A.
2007 2785 2057 2820 25,
2077 2784 2100 2814 f.
2118 2785 2179 2816 420
2195 2784 2226 2822 ¹²3

631 2835 666 2867 V.
690 2837 740 2873 81,
757 2845 810 2876 ep.
829 2837 934 2875 2436.)

671 2886 808 2919 26230.
825 2907 864 2913 -
879 2889 1003 2921 'Joanni
1025 2889 1063 2921 de
1085 2889 1192 2927 Tosca,
1215 2890 1338 2922 clerico
1360 2891 1606 2923 Nemausensis
1629 2891 1687 2927 di.,
1706 2890 1814 2930 gratia
1837 2898 1933 2929 exsp.
1955 2890 2065 2922 benef.
2085 2891 2126 2930 (0.
2143 2900 2172 2923 0.
2189 2892 2228 2922 70

625 2943 680 2975 vel
695 2951 723 2974 s.
741 2952 768 2974 0.
784 2945 825 2975 40
839 2943 862 2974 1.
877 2944 916 2982 t.)
929 2943 963 2974 in
972 2943 1065 2975 civit.
1082 2943 1137 2975 vel
1148 2943 1193 2975 di.
1212 2943 1374 2980 Vabren.,
1391 2944 1514 2984 pertin.
1532 2944 1573 2975 ad
1589 2943 1803 2975 collationem
1813 2943 1881 2983 ep.i
1898 2945 1930 2975 et
1945 2943 2045 2983 capit.
2061 2943 2226 2982 Vabren.;

658 3059 681 3082 1.
699 3057 732 3082 In
747 3057 878 3088 margine
900 3058 970 3089 Reg.
985 3057 1071 3083 Avin.
1087 3058 1196 3090 legitur
1212 3065 1220 3083 .·
1238 3067 1248 3081 ι
1267 3059 1381 3083 Attende
1397 3059 1465 3090 quod
1479 3058 1557 3082 missa
1572 3058 1626 3089 fuit
1645 3058 1676 3082 de
1693 3064 1797 3082 camera
1816 3057 1873 3082 sine
1890 3057 1963 3090 siquo
1980 3058 2189 3084 vicecancellarii
2203 3067 2227 3084 ι.
