2540 3496
579 342 753 373 JOANNIS
777 342 895 372 I’AI‘AE
918 340 1019 371 XXII.
1044 341 1294 381 (1316-1334).
1321 356 1358 361 -
1381 337 1567 368 LITTERAE
1591 336 1817 367 COMMUNES
2166 337 2220 366 181

212 436 315 463 Datum
339 432 524 464 Avenione.
584 437 585 444 ¹

182 645 201 673 Ι
218 646 260 681 (ιν
278 644 360 678 non.)
377 645 446 670 maii
467 644 553 672 1326.

213 690 261 717 Gr.
281 697 333 725 pro
348 697 425 724 pers.
446 690 524 716 card.

329 913 363 940 Ut
384 922 407 940 S.

298 956 328 983 Τ.
352 956 431 983 XXX.

326 1283 361 1311 Ut
377 1292 400 1310 s.

271 1328 301 1355 T.
317 1328 362 1361 XI,
381 1328 452 1355 XIII.

320 1551 356 1579 Ut
373 1560 395 1578 S.

200 1596 246 1624 Gr.
265 1604 316 1631 pro
337 1604 412 1631 pers.
433 1597 511 1624 card.

315 1765 350 1794 Ut
376 1774 400 1794 s.

262 1810 293 1837 T.
309 1811 367 1844 xit,
382 1811 451 1839 xlv.

320 2087 354 2114 Ut
370 2096 393 2114 s.

262 2132 293 2159 Τ.
310 2132 355 2166 XI,
373 2133 444 2160 XIII.

314 2357 348 2384 L't
371 2365 395 2384 s.

256 2402 287 2429 T.
304 2403 364 2436 XII,
381 2403 451 2430 XIV.

317 2733 351 2760 ct
367 2742 391 2760 s.

261 2777 291 2804 T.
314 2778 360 2812 xi,
377 2778 448 2806 XIII.

614 537 745 577 guntin.
762 535 965 572 scolasticis,
982 544 1018 565 ac
1042 543 1128 574 mag.
1146 534 1289 565 Nicolao
1306 533 1346 563 de
1366 532 1508 568 Fractis,
1533 540 1605 562 can.
1629 532 1803 562 patracen.
1824 530 1919 566 eccl,
1938 529 2002 560 litt.
2025 532 2133 568 apost.
2152 537 2222 559 cor-

615 593 745 621 rectori.
764 590 815 625 (Α.
835 591 884 625 25.
902 589 924 620 f.
941 590 1001 620 564
1020 594 1049 625 ι;
1072 588 1103 618 V.
1121 589 1172 623 81,
1189 597 1241 627 ep.
1262 586 1368 625 2750.)

660 641 793 672 25190.
812 660 848 665 -
874 644 967 673 Petro
988 653 1056 682 epo
1077 642 1265 672 Praenestino
1294 640 1464 671 indultum
1488 639 1648 670 visitandi
1679 647 1738 678 per
1755 638 1859 670 alium
1888 639 1929 670 ad
1949 640 2222 679 quinquennium

583 701 584 716 ³
614 706 703 737 pers.
724 700 756 728 et
776 698 848 728 loca
866 697 1056 728 ecclesiast.
1081 696 1375 726 archidiaconatus
1394 694 1447 724 sui
1467 694 1507 724 de
1524 693 1630 725 Canto
1654 701 1755 732 quem
1772 693 1805 723 in
1819 693 1900 723 eccl.
1918 694 2120 725 Bracharen.
2139 693 2222 724 obti-

614 753 681 787 net,
701 753 734 782 et
757 751 1013 790 procurationes
1034 750 1068 780 in
1093 749 1236 789 pecunia
1260 750 1436 778 numerata
1458 747 1656 786 recipiendi.
1675 747 1754 778 -1.
1774 756 1803 778 e.
1827 756 1871 777 m.
1891 747 2061 787 Stephano
2078 749 2222 789 Pelagii,

614 808 646 836 et
662 805 810 836 Ber-ardo
826 804 976 840 Martini,
995 812 1032 834 ac
1050 803 1211 834 Durando
1227 801 1402 840 Stephani,
1419 801 1591 831 canonicis
1605 801 1685 832 eccl.
1704 801 1905 834 Bracharen.
1926 802 1981 841 (A.
2002 803 2052 840 24,
2077 803 2099 834 f.
2117 805 2177 835 627
2193 809 2222 841 ¹3

582 836 583 877 Ῐ
619 858 651 888 V.
672 859 721 895 80,
742 867 794 897 ep.
813 857 916 895 1298.)

659 909 795 941 25199.
816 929 854 933 -
870 910 958 950 Ep.o
982 910 1118 949 Burqen.
1139 908 1252 940 mand.
1268 909 1305 939 ut
1323 907 1365 938 ab
1383 916 1514 938 excom.
1537 908 1692 939 absolvat
1708 910 1741 939 et
1765 918 1868 948 super
1886 909 2135 950 irregularitate
2152 913 2222 943 dis-

580 967 583 1011 ‚⁴
612 966 731 1004 penset
749 965 887 995 Petrum
902 963 1053 998 Martini,
1075 963 1236 1002 priorem,
1256 963 1289 992 et
1304 961 1427 992 fratres
1442 963 1589 992 monast.
1610 970 1636 992 s.
1648 962 1828 993 Trinitatis
1845 964 2004 1003 Burgen.,
2021 966 2094 997 ord.
2112 966 2221 1006 ejusd.

580 1013 582 1056 j
612 1027 638 1048 s.
658 1018 838 1049 Trinitatis
865 1018 905 1047 de
924 1016 1155 1056 redemptione
1177 1015 1401 1054 captivorum,
1428 1015 1485 1053 qui
1511 1015 1678 1046 Joannem
1701 1015 1892 1052 Paschasii,
1915 1018 2113 1051 ministrum
2138 1020 2221 1052 dicti

580 1065 581 1078 ³
611 1073 769 1108 monast„
789 1079 848 1110 per
871 1070 1068 1101 ministrum
1091 1069 1185 1100 soliti
1206 1068 1298 1108 gub..
1316 1068 1443 1098 dietum
1467 1070 1612 1099 monast.
1630 1077 1696 1099 non
1723 1069 1837 1101 solum
1855 1071 2111 1110 dilapidationis
2137 1075 2221 1107 vitio

579 1131 581 1140 *
611 1124 871 1163 deprimentem,
891 1123 951 1154 sed
969 1123 1136 1154 adulterio
1152 1124 1185 1153 et
1207 1122 1339 1153 incestu
1359 1121 1507 1161 aliisque
1528 1121 1730 1153 criminibus
1746 1123 1968 1162 polluentem,
1985 1127 2112 1158 carceri
2129 1137 2220 1160 man-

578 1176 580 1186 “’
610 1178 765 1216 ciparunt
781 1178 962 1217 ipsumque
979 1178 1114 1216 captum
1131 1175 1317 1215 subpriori,
1332 1174 1392 1214 qui
1406 1174 1505 1205 illum
1521 1184 1540 1205 a
1555 1175 1786 1208 ministeriatu
1802 1185 1864 1208 suo
1875 1178 2046 1218 deposuit,
2059 1183 2136 1221 post
2147 1183 2221 1214 dies

577 1258 580 1272 ,
610 1230 743 1270 aliquos
760 1231 985 1261 tradiderunt.
1007 1230 1057 1267 (Α.
1082 1231 1133 1266 24,
1155 1229 1177 1260 f.
1195 1230 1255 1261 638
1274 1234 1303 1264 ³,
1324 1228 1360 1259 V.
1378 1229 1430 1265 80,
1448 1237 1499 1268 ep.
1521 1229 1626 1267 1310.)

655 1281 790 1314 25200.
808 1302 846 1307 -
861 1283 1035 1314 Bertrando
1057 1283 1094 1314 dc
1111 1282 1256 1320 Petrilia,
1274 1291 1347 1313 can.
1365 1281 1511 1322 praeben.
1531 1283 1611 1313 eccl.
1630 1283 1905 1324 Colimbriensis,
1922 1288 2060 1320 collatio
2082 1292 2218 1330 paroch.

608 1338 690 1369 eccl.
715 1338 755 1369 de
777 1337 983 1375 Cassanhas,
1003 1337 1180 1368 Caturcen.
1204 1337 1263 1372 di.,
1279 1337 1357 1367 ante
1376 1335 1508 1367 obitum
1530 1336 1668 1367 Geraldi
1690 1337 1848 1377 Hugonis
1865 1348 1925 1379 per
1942 1341 1979 1372 P.
2003 1342 2042 1373 P.
2058 1344 2218 1384 disposit.

607 1400 676 1423 suae
692 1393 871 1423 reservatae
878 1402 887 1428 ;
903 1400 979 1422 cum
1003 1390 1210 1430 obligatione
1227 1389 1422 1421 dimittendi
1438 1389 1572 1429 paroch.
1591 1390 1671 1421 eccl.
1691 1391 1731 1422 de
1754 1392 1869 1429 Bessa,
1889 1393 2096 1428 Sarlatensis
2115 1399 2161 1431 di.
2181 1419 2220 1423 —

574 1443 576 1451 ’
605 1445 632 1476 Ι.
651 1454 680 1476 e.
694 1454 739 1476 m.
757 1446 931 1485 Figiacen.
948 1446 981 1476 et
997 1444 1261 1484 Montispensati
1278 1443 1441 1475 archid.is
1457 1444 1650 1481 Caturcen..
1668 1453 1705 1475 ac
1721 1445 1916 1478 Raimundo
1934 1449 1975 1480 de
1987 1450 2218 1492 columberio,

604 1507 678 1530 can.
694 1499 948 1530 Autisiodoren.
965 1498 1047 1529 eccl.
1064 1498 1118 1536 (A.
1140 1499 1193 1535 24,
1211 1498 1233 1529 f.
1253 1499 1309 1529 651
1329 1503 1357 1533 ·;
1387 1497 1419 1528 V.
1436 1498 1488 1533 80,
1509 1506 1561 1537 ep.
1578 1498 1684 1538 1363.)

650 1550 784 1582 25201,
804 1570 842 1575 -
859 1553 952 1582 Petro
968 1562 1038 1592 ep.o
1055 1551 1245 1582 Praenestino
1259 1551 1383 1582 indult.
1398 1551 1561 1582 visitandi
1579 1561 1638 1592 per
1655 1552 1761 1583 alium
1780 1554 1822 1585 ad
1838 1555 2109 1596 quinquennium
2126 1571 2216 1601 pers,

604 1608 637 1637 et
659 1606 733 1638 loca
759 1606 949 1638 ecclesiast.
967 1606 1274 1640 archidiaconatus,
1293 1613 1393 1645 quem
1411 1605 1445 1636 in
1471 1605 1616 1636 ecclesia
1637 1605 1844 1638 Eboracensi
1861 1608 2002 1642 obtinet.
2020 1630 2059 1635 —
2075 1614 2101 1644 Ι.
2122 1623 2151 1645 e.
2171 1626 2216 1647 m,

604 1669 681 1700 ep.o
708 1660 953 1696 Winctonien.,
976 1661 1008 1691 et
1027 1659 1140 1690 abbati
1169 1660 1314 1690 monast.
1346 1659 1553 1690 Athanacen.
1581 1660 1794 1700 Lugdunen.‚
1814 1670 1851 1692 ac
1879 1663 2015 1704 Hugoni
2043 1667 2084 1698 de
2109 1669 2218 1710 Engo-

604 1715 718 1751 lisma,
734 1714 861 1746 archid.
881 1714 1100 1745 Cantuarien.
1121 1713 1172 1750 (A.
1189 1714 1239 1750 24,
1259 1713 1280 1744 f.
1298 1714 1358 1744 650
1377 1718 1405 1749 ²;
1428 1713 1459 1742 V.
1474 1714 1524 1750 80,
1545 1722 1597 1753 ep.
1616 1715 1723 1752 1367.)

650 1765 786 1798 25202.
806 1786 844 1790 —-
862 1767 1026 1798 Bernardo
1049 1767 1085 1798 de
1105 1767 1243 1808 Benqua,
1269 1775 1342 1797 can.
1361 1766 1442 1798 eccl.
1463 1767 1673 1805 TarviensiS,
1691 1768 1731 1800 Ο.
1747 1769 1781 1800 S.
1801 1771 1856 1806 A.,
1874 1772 2011 1805 collatio
2034 1776 2215 1811 archidiac.

605 1822 879 1853 Montisanarezii
898 1822 931 1852 in
944 1822 1062 1853 eadem
1080 1821 1226 1860 eccl.(⁶.>6
1242 1821 1301 1851 lib.
1319 1823 1351 1852 et
1367 1822 1385 1851 5
1402 1821 1466 1852 sol.
1484 1822 1577 1860 tun),
1594 1830 1664 1853 vac.
1678 1830 1738 1861 per
1754 1825 2005 1858 assecutionem
2023 1833 2218 1864 camerariae

604 1876 684 1908 eccl.
712 1876 1025 1915 Caesaraugustanae
1051 1875 1235 1906 Benedicto
1259 1875 1299 1906 de
1323 1875 1431 1905 Puteo
1450 1883 1510 1914 per
1526 1875 1564 1906 Ρ.
1583 1875 1620 1906 Ρ.
1643 1875 1789 1914 collatae;
1811 1887 1876 1909 non
1905 1879 1992 1912 obst.
2011 1884 2102 1921 quod
2120 1894 2217 1925 epus

572 1937 574 1943 ’
604 1929 803 1960 Tarviensis
830 1929 957 1960 dictum
975 1929 1156 1960 archidiac.
1175 1929 1286 1959 eidem
1310 1929 1482 1959 Bernardo
1500 1928 1570 1968 jam
1587 1929 1786 1968 contulerit;
1804 1940 1879 1962 cum
1904 1935 2108 1969 remissione
2130 1938 2216 1971 fruc·

602 1985 700 2015 tuum
724 1984 972 2023 perceptorum.
990 1998 1029 2004 —
1046 1983 1072 2014 Ι.
1091 1991 1120 2013 e.
1138 1991 1183 2013 in.
1208 1983 1354 2013 monast.
1373 1991 1401 2012 s.
1418 1982 1549 2013 Severii
1567 1984 1599 2014 et
1626 1983 1742 2014 saecul.
1761 1985 1841 2016 eccl.
1862 1986 1902 2017 de
1928 1988 2054 2028 Fageto
2071 1991 2161 2030 abb„
2180 2002 2217 2026 ac

603 2036 752 2076 prioris.
773 2037 906 2074 Literii,
924 2036 1124 2068 Tarviensis
1142 2038 1173 2067 et
1191 2036 1370 2067 Auxitanae
1387 2036 1432 2066 di.
1451 2036 1503 2074 (A.
1527 2037 1578 2074 24,
1598 2036 1621 2068 f.
1636 2038 1697 2068 650
1710 2042 1737 2074 ³;
1763 2037 1797 2068 V.
1814 2040 1865 2076 80,
1883 2049 1935 2080 ep.
1958 2043 2061 2082 1369.)

648 2087 784 2119 25203.
804 2108 843 2112 -
858 2090 974 2121 Joanni
987 2089 1136 2126 Sainerii,
1154 2099 1242 2130 mag.
1260 2090 1292 2120 in
1311 2090 1490 2125 medicina.
1505 2090 1642 2121 collatio
1658 2091 1739 2122 eccl.
1757 2091 1798 2122 de
1812 2092 1952 2131 Issiaco,
1970 2096 2137 2130 Parisien.
2156 2101 2215 2137 di.,

602 2153 674 2175 vac.
692 2153 752 2184 per
774 2143 903 2175 obitum
922 2144 1011 2183 apud
1037 2144 1069 2175 S.
1087 2145 1128 2174 A.
1144 2153 1230 2183 mag.
1253 2144 1396 2174 Joannis
1414 2144 1626 2184 Chassegay;
1653 2153 1718 2175 non
1735 2145 1822 2177 obst.
1843 2147 1878 2178 in
1898 2148 1938 2179 de
1956 2150 2214 2192 Venertasione,

602 2198 855 2230 Claromonten.
884 2197 944 2235 di.,
962 2206 1038 2228 cum
1067 2197 1185 2237 praeb.,
1212 2199 1245 2228 et
1272 2197 1305 2228 in
1323 2197 1576 2229 claromonten.
1595 2186 1632 2228 ac
1660 2199 1898 2239 Andegavensi
1924 2203 2006 2234 eccl.
2036 2205 2100 2236 sub
2122 2215 2215 2247 exsp.

602 2251 705 2292 praeb.
725 2251 993 2283 canonicatibus.
1010 2270 1048 2274 —
1064 2251 1090 2282 I.
1109 2260 1137 2282 e.
1156 2260 1201 2282 m.
1217 2259 1293 2290 ep.o
1310 2251 1580 2289 Autisiodoren.‚
1598 2253 1630 2283 et
1650 2261 1753 2292 praep.
1779 2253 2045 2295 claromonten„
2065 2268 2102 2290 ac
2126 2269 2213 2302 mag.

601 2305 788 2337 Guillelmo
805 2304 964 2340 Sanbuci,
981 2313 1054 2335 can.
1072 2305 1217 2335 AEduen.
1236 2305 1317 2335 eccl.
1336 2307 1387 2343 (A.
1409 2306 1459 2341 24,
1480 2305 1499 2335 f.
1517 2306 1578 2336 662
1595 2310 1624 2341 ³;
1647 2305 1683 2336 V.
1703 2307 1755 2343 80,
1771 2315 1823 2347 ep.
1842 2309 1949 2349 1388.)

647 2355 783 2388 25204.
806 2377 842 2381 -
861 2358 1032 2389 Aimericus
1050 2357 1086 2388 de
1105 2358 1338 2388 Mauressanitis
1357 2358 1562 2389 transfertur
1584 2360 1621 2390 ut
1637 2368 1654 2390 e
1670 2362 1815 2392 monast.
1838 2362 1991 2395 Casaedei
2008 2365 2051 2396 ad
2068 2371 2214 2400 monast.

603 2412 848 2448 Psalmodien.,
877 2413 976 2452 eique
999 2412 1086 2443 cons.
1109 2412 1281 2451 prioratus
1298 2412 1336 2443 B.
1362 2412 1406 2443 M.
1426 2412 1466 2443 de
1496 2411 1755 2453 Cambarlaicis,
1780 2415 1867 2446 alias
1888 2417 1929 2448 de
1953 2418 2213 2462 Chambarlays‚

601 2467 641 2498 Ο.
657 2466 691 2498 S.
707 2466 1037 2504 B.,Claromonten.,
1054 2466 1262 2497 Nemausen.
1279 2467 1311 2496 et
1328 2465 1524 2497 sistaricen.
1540 2466 1599 2506 di.,
1615 2467 1656 2498 ad
1673 2467 1802 2499 dictum
1819 2473 1967 2503 monast.
1981 2472 2213 2508 Psalmodien.

599 2520 736 2560 pertin.,
761 2528 821 2560 per
839 2519 951 2559 ipsius
977 2529 1066 2551 mon.
1095 2520 1218 2550 solltus
1236 2519 1314 2559 gub.
1333 2521 1366 2551 et
1383 2528 1507 2551 vacans
1529 2529 1591 2560 per
1609 2521 1739 2552 obitum
1757 2523 1847 2562 apud
1864 2523 1898 2555 S.
1919 2525 1960 2556 A.
1977 2526 2156 2560 Guillelmi
2173 2530 2214 2562 de

599 2573 881 2611 Mauressanitis3
900 2573 1028 2605 consid.
1046 2573 1224 2605 Gaucelini
1243 2582 1270 2604 s.
1291 2582 1319 2604 s.
1338 2573 1529 2605 Marcellini
1547 2575 1580 2606 et
1594 2574 1688 2606 Petri
1701 2575 1815 2615 presb.
1829 2578 1920 2609 card.
1936 2596 1974 2602 —
1989 2580 2016 2611 I.
2031 2589 2060 2624 e.
2077 2590 2122 2612 m.
2136 2591 2213 2623 ep.o

599 2627 788 2666 Vivarien.,
812 2628 845 2658 et
869 2626 946 2658 abb.
974 2629 1122 2658 monast.
1142 2627 1306 2665 Salvien.,
1326 2627 1534 2659 Nemausen.
1555 2628 1615 2665 di.,
1638 2637 1676 2659 ac
1699 2629 1887 2662 Guillelmo
1912 2632 2114 2672 Audeberti,
2137 2644 2211 2668 can.

598 2681 827 2718 Lemovicen.,
846 2681 947 2720 Papae
965 2689 1037 2720 cap.
1057 2681 1109 2719 (A.
1130 2682 1181 2717 24,
1200 2680 1221 2711 f.
1237 2682 1296 2712 685
1320 2686 1348 2718 ·;
1373 2680 1408 2712 V.
1427 2682 1480 2718 80,
1499 2690 1551 2721 ep.
1571 2683 1674 2720 1445.)

644 2731 782 2764 25205.
800 2753 836 2757 -
855 2734 1044 2775 Berenyario
1061 2734 1173 2775 Lupeti
1195 2743 1292 2774 prov.
1308 2743 1426 2767 canon.
1445 2735 1510 2766 sub
1532 2745 1628 2776 exsp.
1649 2736 1751 2776 praeb.
1767 2738 1848 2770 eccl.
1866 2739 2064 2772 Ilerdensis.
2082 2759 2120 2764 —
2133 2742 2159 2775 I.
2179 2752 2209 2775 e.

567 2775 570 2799 ³
599 2797 644 2819 m.
663 2788 790 2819 archid.
808 2789 941 2826 Vicen„
953 2790 987 2819 et
1003 2789 1156 2820 sacristae
1168 2788 1429 2825 Barchinonen.,
1446 2798 1483 2820 ac
1500 2789 1603 2820 Petro
1618 2790 1658 2821 de
1675 2790 1832 2828 Abbatia,
1847 2801 1920 2823 can.
1938 2793 2109 2826 Valentin.
2127 2796 2210 2827 eccl.

600 2842 652 2879 (Α.
671 2843 721 2879 24,
743 2841 766 2872 f.
783 2843 843 2874 696
862 2847 890 2879 ²3
911 2841 944 2873 V.
962 2843 1014 2880 80,
1033 2851 1085 2882 ep.
1104 2844 1209 2881 1470.)

314 2893 348 2920 Ut
369 2902 393 2922 S.

255 2938 286 2967 Τ,
308 2938 353 2967 XI.
376 2939 447 2968 XIII.

643 2892 783 2924 25206.
800 2913 838 2918 —-
855 2895 1016 2937 Stephano
1037 2896 1140 2927 Sudre
1156 2905 1251 2936 prov.
1268 2905 1387 2927 canon.
1413 2896 1476 2927 sub
1496 2905 1592 2936 exsp.
1619 2897 1722 2936 praeb.
1746 2898 1827 2928 eccl.
1846 2899 2020 2938 Rivensis‚
2037 2910 2104 2933 non
2121 2902 2208 2935 obst.

600 2948 682 2979 eccl.
696 2948 737 2980 de
755 2949 890 2980 Casello
907 2951 939 2980 et
956 2950 997 2980 de
1013 2949 1235 2985 Palaminito
1255 2958 1398 2989 quarum
1419 2959 1486 2980 una
1499 2950 1663 2989 dependet
1679 2950 1721 2981 ab
1739 2951 1817 2986 alia,
1829 2951 1952 2983 Riven.
1966 2953 2011 2984 di.
2029 2955 2102 2987 -Ι,
2116 2964 2145 2988 e.
2161 2965 2206 2989 m.

601 3002 726 3041 Regen.
741 3003 773 3033 et
791 3002 1007 3042 Mil-apiscen.
1025 3003 1104 3034 eccl.
1121 3012 1285 3042 p1·;'op.‚;1c
1297 3003 1436 3033 officiali
1451 3003 1631 3034 Tolosano.
1647 3004 1698 3041 (A.
1713 3005 1763 3040 24,
1775 3004 1794 3035 f.
1807 3006 1866 3036 697
1880 3010 1907 3038 ³2
1929 3006 1963 3037 V.
1974 3008 2025 3043 80,
2035 3016 2089 3048 ep.
2103 3010 2209 3050 1477.)
