2540 3496
234 433 338 460 Datum
358 425 543 460 Avenione.

268 640 304 668 17
321 643 404 668 mart.
427 639 514 667 1327.

274 687 340 719 (xvr
353 684 413 712 kal.
429 683 506 719 apr.)

294 729 324 756 Τ.
342 729 414 763 xlu,
430 728 487 755 XV.

269 908 306 936 18
321 911 404 935 mart.
424 892 509 936 13'27,

273 953 326 988 (xv
345 951 404 981 kal.
422 952 500 988 apr.)

354 1283 388 1310 Ut
408 1291 433 1312 ε.

322 1328 352 1355 Τ.
374 1327 457 1355 XXX.

362 2839 398 2868 Ut
419 2848 442 2867 s.

325 2885 355 2911 Τ.
373 2884 406 2919 Χ,
422 2884 481 2912 ΧΠ.

608 335 783 368 JOANNIS
807 335 926 366 PAPAE
948 334 1050 365 xxn.
1076 335 1325 373 (1316-1334).
1347 351 1386 357 —-
1409 331 1596 363 LITTERAE
1619 329 1845 362 COMMUNES
2181 331 2240 360 483

633 530 660 561 I.
679 538 707 560 e.
729 538 773 560 m.
792 529 906 560 abbati
924 529 964 560 de
988 529 1189 560 Frenunzea
1210 529 1372 569 Burgen.‚
1393 528 1426 559 et
1445 526 1573 558 archid.
1592 526 1633 557 de
1655 525 1812 566 Algesira
1834 524 2019 561 valentin,
2038 532 2075 555 ac
2095 523 2246 554 sacristae

634 583 835 614 Tirasonen.
853 582 934 614 eccl.
951 582 1004 619 (A.
1021 583 1071 619 28,
1091 582 1115 613 f.
1133 584 1170 614 13
1186 581 1216 619 ¹²5
1240 581 1273 612 V.
1290 583 1341 617 84,
1360 590 1412 622 ep.
1429 582 1536 619 2354.)

678 633 816 666 28197.
838 655 875 659 —
896 635 1032 673 ΜαίΙιίευ,
1060 639 1133 666 nato
1154 635 1280 676 Pijonis
1297 635 1333 666 de
1357 634 1614 671 Luccembourch,
1638 642 1725 665 nova
1745 632 1882 664 collatio
1908 640 2026 663 canon.
2054 630 2120 662 sub
2148 638 2244 670 exsp.

634 688 737 729 praeb.
756 690 836 721 eccl.
863 699 890 720 s.
917 689 1089 721 Simeonis
1113 690 1310 727 Treveren.,
1330 689 1459 721 consid.
1483 687 1627 720 Joannis
1653 687 1743 727 regis
1769 685 1956 722 Bohemiae;
1975 687 2131 717 cassatur
2153 684 2248 724 prior

635 743 773 775 collatio
792 733 994 783 subreptitie
1013 739 1162 774 obtenta.
1182 761 1222 766 -
1238 743 1277 774 In
1299 752 1328 774 e.
1345 751 1390 774 m.
1414 742 1586 782 archiep.o
1605 741 1741 781 Rigen.,
1765 741 1799 772 et
1821 739 1898 771 abb.
1922 739 2067 771 monast.
2090 739 2129 770 B.
2147 738 2193 770 Μ.
2214 738 2250 768 in

634 796 922 832 Luccembourch,
949 797 1132 828 Treveren.
1152 796 1212 832 di„
1234 805 1273 828 ac
1296 796 1420 828 Joanni
1447 795 1611 831 Bertaldi‚
1633 803 1707 826 can.
1728 793 1917 826 Virdunen.
1945 794 1996 832 (A.
2021 794 2073 831 28,
2095 792 2119 823 f.
2142 793 2202 823 320
2216 791 2248 827 ¹³3

639 849 675 881 V.
691 851 744 888 84,
761 859 813 890 ep.
834 852 933 887 2940;
949 850 1138 882 Sauerland
1155 849 1387 891 (Rheinlande),
1406 858 1438 890 p.
1458 851 1509 887 24,
1527 858 1559 880 n.
1578 848 1683 888 1161.)

679 901 818 934 28198.
837 921 874 926 —
896 903 1035 935 Gerar-do
1051 903 1089 934 de
1107 903 1235 935 Medicis
1258 903 1295 934 de
1320 903 1464 934 Τναυαηο
1480 902 1590 943 gratia
1606 910 1702 942 exsp.
1725 901 1838 933 benef.
1857 901 1994 933 etiamsi
2010 901 2116 940 dign.,
2133 908 2250 940 perso-

634 959 734 990 natus
750 958 804 989 vel
820 958 874 990 off.
893 958 1019 990 existat
1038 957 1074 988 in
1096 957 1288 989 Placentin.
1308 957 1363 988 vel
1389 957 1458 988 alia
1478 956 1601 997 quavis
1622 955 1704 987 eccl.
1726 955 1821 986 civit.
1837 954 1892 986 vel
1910 954 1955 986 di.
1980 953 2183 990 Placentin.,
2209 953 2252 984 ad

634 1011 748 1043 collat.
769 1012 838 1052 epi
861 1013 895 1043 et
914 1011 1013 1052 capit.
1032 1011 1222 1043 Placentin.
1231 1019 1242 1047 3
1260 1019 1327 1043 non
1344 1010 1432 1042 obst.
1451 1010 1542 1050 quod
1561 1010 1596 1041 in
1611 1009 1692 1041 eccl.
1711 1018 1738 1040 s.
1761 1008 1890 1040 Hilarii
1905 1008 1945 1039 de
1962 1007 2097 1048 Raglio‚
2117 1007 2251 1047 guerris

634 1067 848 1105 consumpta,
865 1065 963 1097 dictae
979 1065 1039 1103 di„
1062 1064 1143 1096 cler.
1165 1065 1312 1105 praeben.
1333 1064 1470 1100 existat,
1487 1065 1520 1095 et
1537 1063 1573 1095 in
1590 1063 1752 1095 clericatu
1770 1063 1802 1094 et
1818 1061 1921 1102 praeb.
1941 1070 1968 1093 s.
1988 1061 2154 1093 Dalmatii
2172 1060 2250 1092 Pla-

635 1118 760 1150 centin.
783 1118 840 1159 jus
865 1119 997 1150 asserat
1018 1127 1054 1150 se
1077 1118 1214 1150 habere.
1230 1136 1271 1141 —
1287 1118 1314 1150 1.
1338 1126 1367 1150 e.
1390 1126 1435 1149 m.
1457 1116 1572 1148 abbati
1587 1117 1733 1148 monast.
1756 1125 1784 1148 s.
1802 1115 1982 1156 Sepulchri
1998 1114 2202 1152 Placentin.‚
2219 1115 2252 1146 et

635 1181 739 1212 praep.
759 1181 786 1203 s.
810 1173 954 1204 Joannis
977 1172 1018 1204 de
1045 1173 1155 1204 Domo
1183 1172 1385 1209 placentin„
1413 1180 1450 1203 ac
1476 1170 1603 1203 Busolo
1625 1170 1666 1202 de
1689 1170 1824 1207 Parma,
1854 1178 1927 1201 can.
1956 1169 2142 1201 Tornacen.
2169 1168 2250 1200 eccl.

636 1225 688 1265 (V.
704 1227 756 1264 82,
775 1235 828 1266 ep.
846 1226 934 1266 899.)

681 1277 821 1310 28199.
844 1298 883 1303 -
903 1279 1057 1311 Gessetino
1077 1279 1114 1311 de
1132 1278 1311 1317 Cassanhis,
1332 1289 1402 1310 can.
1421 1278 1589 1316 Bam-ren„
1607 1278 1704 1319 Papae
1722 1287 1791 1318 cap.
1807 1282 1835 1308 et
1850 1281 1949 1319 apost.
1968 1275 2086 1318 palatii
2100 1275 2250 1311 auditori,

628 1332 716 1373 juris
732 1334 895 1374 utriusque
917 1332 1051 1370 doctori,
1072 1332 1221 1364 abolitur
1242 1341 1464 1373 quaecumque
1486 1332 1597 1371 culpa,
1616 1340 1724 1371 paena,
1742 1332 1822 1363 nota
1845 1339 1906 1362 seu
1928 1330 2071 1362 infamia
2092 1329 2172 1361 facti
2197 1329 2252 1361 vel

632 1386 722 1427 juris
739 1395 814 1427 quae
831 1387 862 1418 ei
878 1386 989 1426 possit
1004 1386 1150 1426 impingi
1166 1395 1208 1418 ex
1231 1394 1271 1417 eo
1294 1386 1385 1426 quod
1406 1394 1510 1425 super
1526 1385 1768 1417 constitutione
1785 1393 1804 1415 a
1823 1384 1917 1424 Papa
1942 1383 2032 1416 edita
2054 1384 2171 1415 contra
2193 1391 2252 1415 eos

636 1440 695 1480 qui
710 1440 932 1480 pertinaciter
949 1438 1166 1471 affirmabant
1181 1439 1358 1471 Christum
1375 1440 1406 1470 et
1423 1439 1495 1478 ejus
1512 1438 1699 1478 Apostolos
1716 1446 1783 1469 non
1798 1437 1960 1469 habuisse
1978 1437 2013 1468 in
2032 1436 2173 1477 speciali
2191 1437 2252 1468 ali-

636 1493 719 1534 quid
734 1502 796 1525 nec
812 1493 914 1525 etiam
936 1493 972 1524 in
994 1492 1179 1530 communi,
1202 1501 1262 1532 per
1286 1501 1322 1523 se
1347 1492 1462 1532 ipsum
1480 1491 1560 1523 fecit
1585 1492 1617 1523 et
1636 1491 1671 1523 in
1692 1491 1831 1531 scriptis
1854 1490 1985 1531 redegit
2004 1486 2042 1522 ao
2063 1490 2254 1530 publicavit

636 1547 769 1588 glosam
784 1546 915 1578 tenoris
929 1546 1106 1586 sequentis
1123 1557 1129 1577 :
1147 1555 1163 1577 «
1178 1545 1309 1586 Collige
1320 1545 1375 1577 hic
1389 1545 1498 1586 princi
1502 1553 1579 1585 pem
1594 1545 1738 1576 ecclesie
1757 1544 1952 1584 Christique
1965 1544 2133 1575 vicarium
2151 1552 2252 1584 posse

637 1601 740 1632 etiam
757 1609 861 1640 super
876 1599 941 1631 fide
959 1599 1126 1631 catholica
1142 1599 1408 1631 declarationem
1426 1599 1549 1637 facere,
1568 1600 1605 1630 ut
1621 1598 1694 1630 dixi
1714 1606 1820 1638 supra
1836 1598 1872 1629 in
1888 1598 1984 1638 glosa
1998 1602 2158 1639 tanquam,
2176 1606 2253 1629 cum

637 1654 742 1686 etiam
758 1663 885 1686 novum
905 1653 1088 1685 articulum
1113 1653 1193 1685 fidei
1213 1653 1324 1685 facere
1341 1653 1462 1693 possit,
1489 1652 1677 1684 seeundum
1700 1652 1792 1692 quod
1816 1652 1898 1683 fidei
1913 1651 2080 1683 articulus
2104 1651 2254 1683 sumitur

637 1717 699 1748 pro
715 1708 775 1739 tali
792 1707 883 1748 quod
898 1707 991 1739 credi
1009 1708 1175 1747 oporteat,
1195 1715 1273 1739 cum
1297 1707 1395 1747 prius
1420 1706 1614 1738 necessario
1631 1715 1698 1738 non
1721 1706 1906 1746 oporteret,
1930 1710 2018 1736 eaetra
2043 1705 2081 1736 de
2101 1705 2252 1743 hereticis,

637 1772 706 1792 cum
725 1761 877 1801 Christus,
895 1760 954 1792 ubi
973 1761 1093 1793 statuit
1112 1761 1207 1802 Papa
1224 1760 1371 1792 firmiter
1393 1760 1465 1792 sore
1488 1760 1694 1792 credendum
1711 1759 1887 1792 Christum
1909 1768 1985 1791 esse
2003 1768 2123 1791 verum
2141 1759 2253 1791 Deum

637 1817 669 1847 et
685 1823 805 1846 verum
821 1815 994 1847 hominem
1014 1814 1112 1855 cujus
1133 1814 1344 1846 contrarium
1362 1815 1439 1846 ante
1457 1813 1569 1845 dicere
1593 1813 1680 1845 forte
1698 1812 1835 1851 licebat,
1853 1822 1930 1844 cum
1948 1822 2016 1845 non
2033 1814 2126 1844 esset
2143 1812 2254 1853 prohi-

636 1869 747 1901 bitum
773 1869 961 1901 secundum
987 1868 1137 1900 Alanum
1164 1867 1213 1899 ibi
1238 1868 1414 1900 notantem
1432 1869 1464 1899 et
1488 1868 1608 1899 recitat
1624 1867 1736 1899 Guido
1757 1866 2011 1908 quintadecima
2034 1866 2254 1898 distinctione

637 1923 788 1963 capitulo
805 1922 930 1962 primo,
947 1923 981 1954 et
1002 1922 1176 1963 colligitur
1198 1922 1239 1954 de
1267 1930 1403 1953 summa
1421 1921 1603 1959 Trinitate,
1628 1920 1777 1961 capitulo
1803 1921 1894 1956 fidei,
1916 1920 2130 1961 paragrapho
2153 1928 2254 1959 porro

638 1976 827 2009 Clementis
838 1976 869 2008 V
880 1978 912 2007 et
925 1975 980 2007 hic
997 1986 1012 2006 »
1021 1985 1029 2013 3
1042 1984 1117 2016 quae
1130 1975 1269 2015 quidem
1284 1975 1382 2016 glosa
1393 1975 1458 2006 fuit
1471 1983 1532 2015 per
1545 1975 1660 2015 ipsum
1675 1975 1832 2006 revocata
1847 1975 1880 2006 et
1896 1974 1983 2006 alia¹
2001 1974 2037 2005 in
2053 1974 2126 2014 eJ'us
2141 1974 2255 2005 locum

639 2029 767 2070 scripta
789 2029 824 2061 in
842 2029 911 2061 haec
935 2029 1059 2061 verba:
1079 2039 1095 2060 «
1121 2028 1251 2070 Collige
1274 2028 1330 2060 hic
1356 2028 1548 2068 principem
1573 2027 1716 2060 ecclesie
1742 2028 1940 2068 Christique
1965 2027 2133 2059 vicarium
2154 2035 2255 2067 posse

639 2083 743 2116 etiam
759 2092 863 2124 super
880 2083 946 2114 fide
962 2082 1129 2115 catholica
1148 2082 1413 2114 declarationem
1435 2082 1557 2119 facere,
1575 2083 1613 2113 ut
1632 2082 1705 2113 dixi
1723 2090 1828 2122 supra
1845 2082 1881 2113 in
1902 2081 1999 2122 glosa
2016 2085 2175 2122 tanquam.
2191 2081 2256 2113 Po-

639 2138 705 2170 test
721 2137 825 2169 etiam
842 2137 1024 2168 articulum
1038 2136 1119 2168 fidei
1134 2136 1245 2168 facere
1267 2136 1298 2168 si
1315 2137 1473 2168 sumatur
1489 2135 1656 2167 articulus
1675 2144 1741 2167 non
1756 2137 1893 2176 proprie
1909 2136 1969 2167 sed
1986 2135 2091 2176 large,
2108 2144 2169 2175 pro
2193 2134 2255 2166 illo

640 2190 732 2231 quod
746 2190 883 2222 credere
901 2191 1066 2230 oporteat,
1089 2198 1166 2222 cum
1182 2190 1281 2231 prius
1298 2198 1341 2222 ex
1361 2191 1520 2230 precepto
1537 2189 1680 2221 ecclesie
1699 2189 1896 2221 necessario
1916 2189 2054 2221 credere
2075 2197 2143 2220 non
2160 2197 2255 2228 opor-

638 2246 726 2276 teret
733 2254 742 2281 ;
751 2246 844 2284 patet
856 2244 1053 2284 exemplum
1066 2244 1103 2275 in
1114 2243 1176 2275 hac
1188 2243 1349 2275 decretali
1361 2244 1393 2275 et
1405 2243 1445 2276 de
1462 2252 1599 2275 summa
1610 2243 1795 2281 Trinitate,
1809 2242 1959 2283 capitulo
1970 2243 2063 2279 fidei,
2076 2242 2255 2283 paragrafo

640 2307 743 2339 porro
769 2298 957 2330 Clementis
985 2299 1027 2336 V,
1047 2299 1081 2330 et
1101 2306 1163 2338 per
1187 2297 1322 2338 aliquos
1342 2297 1478 2329 ducitur
1499 2297 1535 2328 in
1556 2297 1765 2338 exemplum,
1781 2297 1862 2328 licet
1881 2305 1950 2328 non
1971 2297 2128 2328 videatur
2154 2295 2258 2327 michi

641 2352 831 2393 proprium,
851 2356 940 2382 extra
962 2351 999 2382 de
1020 2351 1163 2382 hereticis
1186 2350 1320 2392 capituto
1339 2361 1406 2382 cum
1424 2350 1578 2387 Christus,
1595 2350 1654 2382 ubi
1671 2351 1765 2391 Papa
1784 2350 1941 2382 interdici
1961 2350 2099 2382 mandat
2117 2359 2159 2382 ne
2179 2350 2258 2390 quis

641 2406 682 2438 de
697 2407 808 2438 cetero
826 2406 948 2437 audeat
966 2405 1078 2437 dicere
1095 2405 1270 2437 Christum
1287 2413 1354 2437 non
1371 2413 1447 2437 esse
1470 2404 1600 2445 aliquid
1618 2405 1807 2436 secundum
1824 2405 1915 2445 quod
1932 2404 2046 2443 homo,
2064 2404 2162 2444 cujus
2178 2413 2257 2436 con-

640 2460 787 2492 trarium
804 2460 882 2491 ante
904 2459 1017 2491 dicere
1035 2459 1172 2495 licebat,
1189 2467 1266 2490 cum
1284 2467 1352 2490 non
1369 2459 1461 2490 esset
1477 2458 1688 2499 prohibitum
1706 2459 1895 2490 secundum
1914 2458 2108 2499 aliquorum
2131 2458 2259 2498 opinio-

642 2522 734 2551 nem,
760 2521 825 2553 que
846 2521 908 2553 per
934 2513 1064 2544 dictum
1089 2512 1278 2553 capitulum
1305 2512 1537 2544 confunditur.
1564 2512 1619 2544 Sic
1645 2512 1792 2543 Alanum
1819 2511 1949 2544 ibidem
1976 2513 2115 2544 notasse
2139 2511 2260 2543 recitat

643 2566 755 2599 Guido
780 2566 818 2598 in
835 2566 1088 2607 quintadecima
1108 2566 1328 2598 distinctione
1350 2566 1500 2606 capitulo
1516 2566 1639 2606 primo.
1656 2566 1721 2597 Per
1741 2566 1814 2606 Jam
1834 2565 1925 2597 dicta
1945 2574 2026 2597 vero
2050 2574 2117 2597 non
2141 2565 2259 2596 credas

643 2621 774 2661 Papam
798 2628 901 2661 posse
924 2620 1035 2652 facere
1052 2629 1180 2652 novum
1197 2620 1394 2658 articulum,
1415 2628 1476 2660 per
1493 2628 1595 2660 quem
1618 2628 1706 2651 nova
1729 2620 1815 2651 fides
1841 2619 2022 2651 inducatur
2048 2621 2106 2650 aut
2124 2619 2259 2650 veritati

644 2674 725 2706 fidei
744 2673 942 2706 detrahatur
955 2674 1087 2714 aliquid
1102 2673 1158 2705 vel
1172 2675 1342 2706 accrescat
1359 2683 1425 2714 quo
1443 2674 1486 2706 ad
1502 2673 1744 2710 substantiam,
1758 2673 1924 2705 vicesima
1935 2673 2054 2713 quinta
2067 2672 2258 2712 questione,

645 2728 758 2769 primo
774 2727 925 2768 capitulo
943 2727 1025 2759 Sunt
1041 2727 1170 2769 quidam
1185 2729 1218 2760 et
1233 2727 1383 2768 capitulo
1402 2727 1571 2768 sequenti,
1591 2729 1624 2760 et
1643 2727 1793 2768 capitulo
1810 2727 1847 2758 Si
1862 2736 1898 2758 ea
1917 2726 2104 2758 destruerem
2122 2728 2155 2758 et
2170 2726 2260 2766 capi-

645 2782 757 2815 tulum
777 2781 840 2820 Oue
858 2781 1109 2823 adperpetuum.
1128 2791 1144 2812 »
1161 2781 1214 2821 (A.
1235 2783 1286 2820 27,
1305 2781 1328 2813 f.
1347 2782 1386 2814 86
1401 2787 1429 2819 ⁸3
1451 2781 1489 2813 V.
1505 2783 1556 2819 83,
1574 2790 1626 2822 ep.
1644 2781 1752 2819 1237.)

693 2832 831 2866 28200.
854 2853 886 2858 -
906 2835 1044 2877 Aymaro
1061 2835 1098 2866 de
1120 2835 1304 2872 Rossilione,
1323 2841 1397 2867 nato
1414 2846 1446 2866 n.
1464 2846 1493 2867 v.
1514 2835 1639 2867 Roberti
1654 2835 1691 2866 de
1706 2834 1890 2871 Rossilione,
1909 2835 2023 2866 collat.
2041 2843 2160 2866 canon.
2178 2833 2259 2866 eccl.

648 2898 676 2921 s.
693 2889 786 2921 Justi
808 2889 1007 2930 Lugdunen.
1026 2889 1062 2920 in
1079 2898 1158 2930 qua,
1180 2889 1261 2921 licet
1284 2890 1330 2921 sit
1348 2890 1461 2921 certus
1483 2889 1724 2921 canonicorum
1747 2897 1921 2924 numerus,
1937 2887 2195 2928 praebendarum
2211 2888 2259 2919 ta-

684 3013 707 3037 1.
722 3012 790 3038 Haec
808 3012 890 3044 glosa
907 3012 1058 3039 invenitur
1071 3013 1147 3039 inter
1160 3013 1259 3045 glosas
1275 3013 1405 3045 praedicti
1423 3012 1564 3038 Gesselini
1582 3012 1616 3037 ad
1633 3011 1805 3037 decretalem
1824 3012 1888 3037 Cum
1901 3011 1971 3037 inter
1985 3011 2125 3037 nonnullos
2136 3012 2261 3045 (Corpus

647 3057 724 3089 juris
741 3057 947 3086 ecclesiastici,
965 3057 1125 3090 Extravag.
1143 3058 1265 3083 Joannis
1278 3058 1370 3087 XXII,
1389 3058 1434 3083 tit.
1452 3057 1527 3088 XIV)
1543 3058 1730 3088 pertinentes,
1745 3057 1800 3082 sub
1818 3056 1905 3082 verbo
1919 3056 2095 3082 declaramus.
