2540 3496
356 359 403 403 ,ηρ

186 446 290 473 Datum
310 439 495 474 Avenione.

228 547 266 576 18
281 556 345 584 apr.
365 547 454 576 1326.

213 596 277 627 (xiv
296 593 355 620 kal.
375 592 472 628 maii.)

248 637 278 664 T.
299 637 346 672 XI,
365 637 436 664 XIII.

300 814 337 842 Ut
355 823 379 842 a.

249 859 280 886 Τ.
299 859 345 892 XI,
358 859 430 886 XIII.

227 975 266 1001 19
285 982 347 1010 apr.
368 974 456 1002 1326.

213 1021 280 1052 (xm
295 1019 354 1046 kal.
373 1019 469 1055 maii.)

269 1064 300 1092 T.
317 1063 413 1092 XXIV.

298 1239 334 1267 Ut
355 1248 379 1267 s.

248 1283 279 1311 Τ.
298 1284 345 1318 XI,
359 1284 431 1312 XIII.

297 1453 332 1481 Ut
353 1462 376 1480 s.

189 1498 221 1527 Τ.
241 1498 277 1525 xi
295 1500 347 1534 1χῖ,
365 1498 489 1532 x111¹s2.

292 1667 334 1694 'Ut
350 1675 374 1694 s.

233 1712 264 1739 T.
281 1712 339 1744 XV,
358 1712 442 1739 XVII.

296 2096 333 2124 Ut
353 2105 377 2124 ε.

197 2172 202 2175 ,
259 2141 290 2168 T.
308 2141 340 2175 X,
357 2141 415 2168 XII.

298 2364 334 2392 Ut
349 2373 373 2391 s.

242 2409 273 2436 T.
290 2409 337 2443 XI,
352 2408 424 2436 XIII.

295 2578 331 2606 Ut
351 2586 375 2605 s.

259 2623 290 2651 T.
311 2623 408 2651 XXIV.

296 2685 331 2712 Ut
348 2693 372 2712 s.

272 2729 303 2756 T.
324 2730 396 2757 XVI.

295 2791 331 2818 Ul
351 2800 375 2819 s.

281 2836 312 2863 T.
333 2836 391 2864 XX.

297 2953 332 2980 Ut
349 2961 372 2979 s.

245 2996 276 3024 T.
293 2997 340 3030 XI,
359 2997 431 3024 XIII.

551 352 725 383 JOANNIS
749 352 868 383 PAPAE
890 352 991 382 XXII.
1017 350 1262 391 (1316-1334).
1285 368 1323 372 —
1349 349 1533 380 LITTERAE
1557 349 1782 380 COMMUNES
2138 354 2196 382 15¹.)

631 542 768 574 24969.
789 562 826 566 —-
845 545 963 575 Bolutae
978 544 1015 575 de
1033 544 1152 576 Cladna
1178 553 1272 585 prov.
1291 552 1409 575 canon.
1428 543 1492 574 sub
1509 552 1606 582 exsp.
1624 542 1726 582 praeb.
1742 543 1822 574 eccl.
1842 543 2136 583 Vissegradensis,
2155 545 2195 574 ad

587 600 629 631 R.
652 600 687 630 Ε.
711 599 804 629 nullo
824 599 935 629 medio
961 598 1098 638 pertin„
1115 599 1256 638 Pragen.
1275 598 1340 634 di.;
1363 605 1428 627 non
1456 597 1543 627 obst.
1562 596 1788 636 praepositura
1803 597 1924 630 Tmen.
1943 597 2024 628 eccl.
2043 606 2118 628 eum
2144 607 2195 627 ca-

589 661 665 683 non.
682 655 714 683 et
732 652 832 691 prael».
851 652 961 683 eldem
985 652 1103 688 unitis,
1126 652 1224 682 dictae
1240 651 1286 681 di.
1303 669 1339 673 —
1360 651 1384 681 I.
1402 659 1431 681 e.
1450 659 1495 681 m.
1514 650 1641 681 archid.
1663 650 1842 696 Gradicen.
1862 651 2018 690 Pragen.,
2037 653 2068 681 et
2089 651 2196 690 ipsius

586 707 742 746 Pragen„
761 715 798 735 ac
813 706 938 736 Jacobo
954 705 994 736 de
1011 706 1153 739 Mutina.
1173 704 1306 735 Tullen.
1328 704 1463 735 scolast.
1482 704 1576 740 ecel.,
1593 704 1692 743 Papae
1708 712 1780 743 cap.
1797 704 1849 742 (A.
1867 705 1918 741 24,
1931 704 1953 735 f.
1968 706 2026 735 707
2043 709 2071 740 ³3
2096 704 2128 734 V.
2145 706 2194 741 81,

586 768 639 799 ep.
656 759 763 799 1530.)

631 810 771 842 24970.
793 830 827 835 —
843 811 1040 854 Habartlioni
1054 811 1090 842 de
1107 811 1194 841 Buba
1209 820 1302 850 prov.
1318 820 1437 842 canon.
1455 811 1518 841 sub
1532 819 1629 850 exsp.
1646 811 1749 850 praeb.
1767 811 1847 842 eccl.
1862 812 2056 851 Pragensis.
2075 829 2110 833 -
2127 812 2152 842 Ι.
2166 821 2194 843 e.

587 875 631 896 m.
652 867 777 897 decano
803 866 1078 905 Wissegmden„
1107 865 1248 904 Pragen.
1270 864 1330 901 di.,
1352 866 1384 895 et
1407 864 1533 894 archid.
1561 864 1748 903 Beghinen.
1768 865 1926 904 Pragen„
1950 874 1988 896 ac
2011 865 2136 896 Jacobo
2157 866 2196 897 ‹Ie

586 920 731 955 Mutina,
752 919 850 958 Papae
865 927 951 957 cap.,
965 918 1253 949 scolast.'1'ullen.
1270 917 1351 948 eccl.
1366 917 1418 956 (A.
1440 919 1490 952 24,
1507 917 1528 947 f.
1545 919 1603 948 715
1617 923 1645 953 a;
1671 917 1703 948 V.
1723 919 1774 955 8¹,
1795 926 1847 957 ep.
1868 919 1974 957 1542.)

630 969 827 1013 21971.-
847 970 998 1011 Philippo
1019 970 1128 1007 Costce,
1154 969 1220 1000 mil.
1239 969 1380 1010 Huqonis
1397 970 1477 1010 reyis
1501 969 1611 1010 Cypri,
1634 975 1662 1000 et
1687 981 1717 1000 n.
1741 981 1779 1001 m.
1807 970 1979 1008 Bevenutae,
2005 972 2069 1011 ejus
2091 973 2196 1008 umori,

585 1024 740 1055 Nicosien.
758 1024 813 1059 di.,
829 1025 980 1064 diSpens.
998 1025 1034 1054 ut
1050 1024 1083 1054 in
1103 1023 1251 1054 matrim.
1268 1024 1439 1053 contracto
1453 1032 1628 1054 remanere
1645 1024 1792 1060 valeant,
1813 1032 1878 1054 non
1897 1024 1984 1055 obst.
2001 1025 2091 1064 quod
2107 1026 2196 1056 idem

585 1078 766 1118 Philippus
782 1080 934 1117 tempore
950 1077 1141 1116 juventutis
1158 1085 1228 1107 suae
1247 1076 1333 1106 duas
1358 1076 1521 1107 mulieres
1541 1076 1724 1107 carnaliter
1744 1078 1949 1116 cognoverit,
1969 1087 2113 1117 quarum
2130 1088 2197 1110 una

586 1132 620 1162 in
640 1136 692 1162 ιιι0
713 1133 846 1162 tantum
863 1132 895 1162 et
916 1131 1023 1162 altera
1038 1130 1074 1161 in
1092 1135 1142 1160 ιη’
1158 1131 1191 1161 et
1210 1134 1255 1160 1v⁰
1275 1129 1499 1168 consanguin.
1521 1129 1683 1169 gradibus
1709 1130 1819 1169 ipsam
1841 1131 2050 1162 Bevenutam
2069 1134 2196 1163 contin-

584 1194 662 1224 gere
682 1184 919 1216 noscebantur.
936 1184 990 1224 (A.
1007 1185 1058 1220 24,
1078 1184 1100 1214 f.
1116 1185 1175 1215 591
1197 1183 1226 1219 ¹³3
1250 1182 1282 1213 V.
1302 1183 1353 1219 80,
1374 1192 1426 1223 ep.
1449 1183 1555 1219 1208.)

629 1235 767 1268 24972.
785 1256 823 1260 -
844 1237 1019 1268 Bertrando
1036 1237 1198 1268 Brocherii
1220 1245 1317 1277 prov.
1344 1245 1463 1267 canon.
1483 1236 1547 1267 sub
1570 1245 1667 1276 exsp.
1694 1237 1798 1276 praeb.
1825 1238 1905 1268 eccl.
1924 1239 2107 1278 Regensis;
2129 1248 2196 1270 non

585 1291 672 1323 obst.
690 1292 724 1322 in
742 1291 823 1322 eccl.
842 1291 1104 1331 Forqualquerii
1128 1299 1248 1321 canon.
1275 1291 1308 1321 et
1324 1289 1441 1329 praeb.,
1459 1298 1497 1320 ac
1515 1289 1648 1329 paroch.
1674 1290 1756 1320 eccl.
1776 1291 1817 1321 de
1832 1291 2074 1329 Antravennis,
2091 1293 2195 1324 Sista-

584 1345 686 1377 ricen.
699 1347 731 1376 et
745 1345 873 1384 Regen.
890 1345 936 1375 di.
954 1345 1026 1376 -1.
1045 1353 1074 1375 e.
1088 1353 1132 1375 m.
1148 1344 1312 1378 sacristae,
1328 1345 1360 1374 et
1372 1343 1565 1374 Raiinundo
1581 1343 1622 1374 de
1640 1343 1803 1380 Bulbone,
1814 1353 1851 1375 ac
1867 1345 2054 1377 Bertrando
2066 1347 2196 1386 Bargae,

584 1408 656 1430 can.
675 1399 754 1430 eccl.
774 1399 1036 1430 Avenionensis.
1053 1399 1106 1437 (A.
1121 1400 1171 1434 24,
1189 1398 1212 1429 f.
1228 1400 1288 1430 677
1306 1403 1334 1433 ⁵;
1355 1397 1386 1428 V.
1403 1398 1454 1434 80,
1472 1406 1525 1437 ep.
1545 1397 1652 1436 1421.)

629 1449 764 1481 24973.
783 1470 816 1475 -—
840 1452 937 1483 Heliae
961 1451 1045 1482 115⁶ae
1068 1451 1206 1483 collatio
1231 1451 1367 1491 paroch.
1392 1451 1472 1482 ecel.
1498 1459 1526 1482 S.
1545 1451 1750 1489 Sacerdotis,
1771 1452 2012 1483 Montisalban.
2039 1454 2098 1490 di.,
2123 1463 2195 1485 vac.

583 1515 643 1546 per
668 1506 831 1546 resignat.
855 1506 1042 1538 Raimundi
1066 1506 1106 1536 de
1125 1506 1320 1545 Laparrano
1347 1505 1438 1544 apud
1461 1505 1493 1535 S.
1512 1505 1551 1535 A.
1573 1505 1692 1544 sponte
1718 1505 1853 1536 factam.
1872 1524 1910 1528 -
1933 1506 1960 1536 I.
1977 1515 2006 1537 e.
2028 1516 2072 1538 m.
2092 1516 2194 1547 praep.

583 1560 813 1600 Mirapiscen.,
830 1561 863 1591 et
881 1559 1059 1599 Radulpho
1084 1559 1227 1596 Lafiera,
1247 1558 1397 1595 Albien.,
1414 1567 1451 1589 ac
1466 1558 1613 1590 Geraldo
1636 1558 1801 1598 Rotgerii.
1819 1559 2004 1593 Bjturicen.
2025 1570 2096 1592 can.
2113 1562 2193 1592 eccl.

583 1613 636 1654 (A.
651 1614 702 1651 25,
725 1613 746 1644 f.
767 1615 807 1645 40
823 1619 851 1649 ·;
874 1613 910 1644 V.
931 1614 981 1648 81,
997 1621 1049 1652 ep.
1068 1614 1172 1650 1591.)

629 1664 765 1695 24974.
786 1685 824 1689 -—
843 1666 981 1698 Gilberto
1007 1666 1044 1696 de
1066 1665 1236 1703 Yarwessis,
1253 1665 1324 1705 jam
1342 1666 1540 1705 dispensato
1555 1674 1658 1705 super
1680 1665 1814 1696 defectu
1833 1666 1998 1698 natalium
2017 1676 2117 1707 quem
2143 1678 2196 1707 pa-

583 1720 678 1758 titur,
694 1729 769 1751 cum
786 1721 831 1751 sit
848 1720 888 1751 de
906 1720 1018 1751 soluto
1035 1721 1172 1759 genitus
1190 1721 1223 1751 et
1240 1719 1365 1756 soluta,
1382 1721 1419 1750 ut
1438 1727 1557 1750 omnes
1572 1719 1644 1749 ord.
1662 1720 1693 1750 et
1711 1719 1821 1750 benef.
1839 1720 1942 1751 etiam
1958 1729 1986 1751 c.
2005 1729 2033 1750 c.
2046 1722 2197 1761 recipere

583 1776 711 1813 posset,
733 1775 808 1814 post
825 1783 926 1813 quam
952 1774 1090 1813 quidem
1113 1773 1263 1813 dispens.
1283 1773 1418 1812 paroch.
1436 1773 1516 1804 eccl.
1538 1773 1579 1803 de
1598 1771 1781 1812 Syberton,
1798 1773 2009 1804 Lincolnien.
2034 1775 2092 1812 di.,
2108 1785 2197 1807 asse-

583 1829 682 1859 cutus
699 1830 762 1864 est,
783 1830 815 1858 et
830 1828 951 1858 deinde
968 1829 1015 1864 ut,
1032 1827 1122 1858 dicta
1139 1827 1219 1858 eccl.
1239 1827 1395 1863 dimissa,
1414 1826 1506 1857 aliud
1522 1826 1635 1857 benef.
1654 1835 1682 1857 c.
1696 1836 1723 1857 c.
1738 1827 1791 1857 vel
1809 1835 1836 1857 s.
1855 1836 1881 1858 c.
1900 1828 2050 1867 recipere
2069 1830 2197 1861 valeret

584 1881 748 1912 similiter
771 1881 980 1921 dispensato,
1003 1882 1198 1912 reservatur
1214 1880 1325 1911 benef.
1346 1889 1373 1911 c.
1391 1889 1418 1910 c.
1438 1880 1490 1910 vel
1508 1880 1549 1919 (s.
1567 1889 1595 1910 c.
1622 1881 1658 1911 15
1682 1880 1807 1911 march.
1828 1881 1937 1920 sterl.)
1954 1881 1988 1912 in
2001 1882 2047 1912 di.
2065 1883 2196 1914 Norwi-

584 1943 668 1972 cen„
694 1935 869 1974 pertinens
887 1935 928 1965 ad
952 1935 1064 1966 collat.
1089 1935 1157 1974 ep.i
1181 1934 1347 1970 Eliensis3
1366 1943 1441 1964 cum
1467 1933 1676 1973 obligatione
1694 1934 1887 1965 dimittendi
1905 1935 2099 1974 praedictam
2114 1937 2194 1967 eccl.

584 2007 623 2011 -
639 1989 666 2020 I.
684 1997 713 2020 e.
730 1997 776 2019 m.
794 1997 870 2028 ep.o
891 1989 1117 2024 Norwicensi‚
1138 1990 1169 2020 et
1183 1987 1310 2019 archid.
1331 1987 1598 2024 winctoniensi,
1617 1996 1654 2018 ac
1669 1987 1832 2018 Valthero
1851 1988 1891 2019 de
1911 1988 2107 2027 Yarwellis,
2122 1999 2194 2020 can.

583 2042 768 2074 Eboracen.
788 2042 868 2073 eccl.
889 2042 943 2080 (A.
965 2043 1016 2077 25,
1034 2042 1055 2072 f.
1075 2044 1133 2074 159
1149 2047 1177 2079 ²;
1201 2041 1233 2071 V.
1250 2042 1302 2078 81,
1323 2050 1375 2080 ep.
1394 2041 1499 2079 1872.)

629 2093 769 2126 24975.
790 2113 828 2118 --
851 2095 986 2126 Guidoni
1003 2094 1094 2135 Cally
1114 2095 1251 2126 collatio
1274 2103 1391 2125 canon.
1412 2095 1493 2125 eccl.
1508 2094 1750 2132 ,Cabilonensis
1774 2094 1807 2125 in
1827 2104 1894 2134 qua
1909 2097 2022 2126 certus
2046 2105 2118 2127 can.
2140 2106 2196 2128 nu-

584 2158 700 2181 merus
717 2151 749 2180 et
764 2149 868 2188 praeb.
887 2149 1061 2181 distinctio
1078 2158 1143 2180 non
1158 2148 1337 2185 habentur,
1355 2157 1421 2178 non
1441 2147 1528 2179 obst.
1549 2148 1582 2178 in
1595 2148 1676 2179 eccl.
1693 2148 1913 2187 Lugdunensi
1931 2149 1986 2180 off.
2006 2150 2058 2180 vel
2072 2150 2197 2189 benef„

583 2203 709 2234 militia
726 2203 913 2242 vulgariter
929 2204 1122 2242 nuncupato
1146 2203 1178 2233 et
1195 2202 1329 2233 clericis
1347 2202 1461 2232 saecul.
1479 2202 1649 2241 assignari
1666 2205 1839 2233 consueto.
1859 2219 1898 2224 —
1914 2202 1939 2233 I.
1956 2211 1984 2233 e.
2005 2212 2048 2233 m.
2069 2204 2195 2235 archid.

583 2258 769 2288 Benascen.
787 2257 947 2293 Ilerden.,
964 2257 996 2287 et
1020 2256 1220 2295 praecentori
1243 2255 1496 2295 Lugdunensis,
1513 2264 1550 2286 ao
1565 2255 1752 2286 Guillelmo
1766 2256 1807 2286 de
1827 2256 1960 2296 Ruppe,
1978 2265 2051 2288 can.
2073 2258 2198 2289 Lausa-

585 2311 703 2341 nensis
720 2310 802 2341 eccl.
819 2311 873 2350 (Α.
895 2312 945 2347 25,
966 2310 987 2341 f.
1008 2311 1067 2341 294
1086 2315 1114 2345 ·;
1141 2309 1173 2339 V.
1193 2311 1244 2345 81,
1259 2318 1312 2348 ep.
1332 2310 1438 2348 2201.)

628 2361 768 2394 24976.
786 2382 823 2386 -
842 2363 1015 2394 Raimundo
1039 2363 1194 2394 Ber-nardi
1218 2362 1344 2393 Verrollz
1372 2372 1466 2402 prov.
1486 2371 1604 2394 canon.
1625 2362 1688 2393 suh
1710 2371 1807 2402 exsp.
1824 2363 1927 2402 praeb.
1953 2364 2034 2396 eccl.
2055 2373 2082 2394 s.
2101 2365 2198 2396 Seve-

583 2418 651 2449 rini
675 2417 953 2457 Burdegalensis.
969 2435 1006 2440 --
1028 2418 1052 2448 1.
1068 2426 1097 2448 e.
1115 2426 1159 2448 m.
1177 2417 1305 2447 archid.
1330 2417 1502 2456 Figiacen.
1527 2417 1722 2453 Caturcen„
1740 2418 1771 2447 et
1790 2417 1985 2448 Raimundo
2008 2418 2048 2449 de
2065 2418 2198 2450 Colum-

582 2471 690 2509 berio,
718 2471 989 2508 Autisiodoren.,
1014 2473 1046 2502 et
1069 2471 1257 2502 Bertrando
1282 2471 1323 2501 de
1350 2470 1580 2507 Claromonte.
1604 2469 1826 2501 Colimbrien.
1859 2479 1931 2501 can.
1962 2472 2042 2502 eccl.
2067 2473 2119 2510 (A.
2146 2474 2196 2508 25,

582 2525 605 2556 f.
625 2526 685 2557 662
706 2524 735 2561 ¹³3
758 2525 794 2556 V.
812 2526 863 2562 81,
881 2534 933 2564 ep.
950 2525 1059 2561 2936.)

628 2575 766 2608 24977.
785 2596 824 2600 -
839 2577 880 2609 Ν.
901 2588 941 2608 m.
961 2577 1068 2608 Μανία·
1081 2578 1239 2608 comitissae
1250 2577 1391 2608 Boloniae
1409 2577 1580 2608 indultum
1599 2577 1814 2617 ingrediendi
1831 2580 1976 2609 monast.
1996 2579 2197 2610 monialium

583 2641 876 2673 quorumcumque
892 2632 964 2663 ord.
983 2632 1035 2670 (A.
1059 2633 1111 2669 25,
1132 2631 1155 2663 f.
1173 2633 1232 2663 667
1247 2637 1276 2669 ὃς
1299 2631 1332 2662 V.
1353 2632 1404 2668 81,
1423 2639 1475 2671 ep.
1497 2632 1579 2662 2944
1594 2631 1649 2669 Α.)

629 2682 765 2714 24978.
785 2703 822 2708 —-
837 2685 913 2716 Eid.
934 2685 1055 2716 indult.
1073 2685 1221 2725 eligendi
1235 2685 1479 2716 confessorem.
1499 2684 1551 2723 (A.
1575 2686 1626 2721 25,
1652 2684 1673 2715 f.
1694 2686 1754 2716 667
1770 2689 1798 2720 ἃ,
1820 2684 1853 2715 V.
1876 2685 1927 2721 81,
1942 2693 1994 2724 ep.
2010 2686 2090 2716 2944
2104 2686 2156 2722 Β.)

626 2789 766 2822 24979.
784 2811 823 2815 -
835 2792 924 2833 Epo
939 2798 968 2823 et
986 2792 1103 2823 archid.
1121 2792 1305 2830 Ebroicen„
1321 2802 1356 2821 ac
1376 2801 1455 2831 ωας).
1474 2791 1609 2821 Hem-ico
1625 2790 1662 2821 de
1676 2790 1857 2831 Dompert‘a,
1875 2800 1942 2821 can.
1965 2791 2089 2821 [temen.
2108 2791 2195 2828 eccl.J

582 2846 695 2877 mand.
711 2855 772 2886 pro
784 2846 976 2886 receptione
991 2846 1184 2886 Margaritae
1200 2846 1240 2877 de
1257 2846 1404 2884 Ferpon,
1419 2844 1540 2884 puellae
1556 2844 1713 2875 litteratae
1730 2844 1907 2875 Ebroicen.
1924 2843 1984 2880 di.,
1995 2844 2030 2874 in
2047 2846 2192 2876 monast.

582 2907 610 2930 s.
628 2899 817 2931 Salvatoris
833 2899 1027 2937 Ebroicen.,
1045 2900 1084 2931 O.
1105 2900 1138 2931 S.
1160 2901 1197 2931 B.
1216 2899 1270 2939 (A.
1287 2901 1339 2936 25,
1360 2899 1382 2929 f.
1399 2900 1459 2929 667
1480 2898 1508 2934 ¹³3
1535 2898 1569 2928 V.
1587 2899 1638 2934 81,
1656 2906 1708 2937 ep.
1723 2897 1830 2935 2945.)

629 2950 765 2982 24980.
782 2971 819 2976 -
839 2953 1002 2984 Guillelmo
1026 2953 1063 2983 de
1086 2953 1222 2984 Boitries
1241 2961 1336 2992 prov.
1353 2960 1471 2983 canon.
1491 2951 1554 2982 sub
1580 2959 1676 2990 exsp.
1699 2950 1802 2990 praeb.
1821 2950 1902 2980 eccl.
1921 2950 2138 2981 Morinensis.
2157 2968 2196 2973 —

584 3006 610 3037 1.
629 3014 659 3036 e.
677 3015 722 3036 m.
739 3006 852 3037 abbati
867 3009 1012 3038 monast.
1032 3016 1061 3038 s.
1078 3006 1260 3038 Genovefae
1278 3005 1460 3041 Parisien„
1476 3006 1509 3035 et
1530 3005 1656 3034 decano
1674 3004 1867 3039 Carnoten.,
1883 3012 1920 3034 ac
1941 3012 2028 3044 mag.
2047 3004 2196 3036 Henrico

584 3059 624 3090 de
641 3059 840 3099 Domperia,
857 3068 930 3090 can.
947 3060 1130 3091 Remensis
1144 3059 1224 3091 eccl.
1246 3059 1299 3099 (A.
1317 3060 1366 3095 25,
1387 3058 1410 3088 f.
1429 3059 1489 3090 668
1506 3062 1534 3093 *3
1558 3057 1594 3088 V.
1606 3058 1656 3094 81,
1669 3065 1721 3096 ep.
1741 3057 1847 3095 2947.)
