2540 3496
219 409 324 438 natum
341 402 522 437 Avenione.

256 511 298 540 21
309 511 375 547 J'an.
396 510 485 538 4327.

269 560 310 593 (ix
329 556 389 584 kal.
406 555 477 587 feb.)

300 929 331 957 T.
350 905 445 957 XXVI.

338 1312 375 1340 Ut
395 1321 419 1340 s.

275 1357 306 1386 T.
323 1357 395 1392 XIV,
407 1357 478 1385 xvl.

261 1687 302 1716 25
314 1687 380 1723 jan.
403 1686 492 1715 1327.

258 1732 328 1768 (vm
347 1732 407 1761 kal.
428 1732 500 1765 feb.)

281 1777 311 1806 T.
325 1778 386 1812 XII,
401 1777 473 1806 xlv.

341 1903 378 1931 Ut
393 1911 417 1931 s.

318 1948 349 1976 T.
369 1948 441 1976 XVI.

250 2056 282 2085 T.
302 2011 386 2091 333,
395 2019 508 2084 {xxii

341 2224 377 2252 Ut
395 2232 420 2254 ε.

328 2269 359 2296 Τ.
377 2269 434 2297 ΧΧ.

342 2599 380 2628 Ut
400 2607 425 2627 s.

279 2643 309 2671 T.
331 2643 392 2678 ΧΗ,
411 2643 482 2672 XIV.

341 2811 378 2840 Ut
398 2821 422 2840 s.

315 2857 347 2884 Τ.
368 2857 451 2885 111¹1.

596 313 771 345 JOANNIS
794 313 913 343 PAPAE
935 313 1037 343 XXII.
1062 314 1311 351 (1316-1334).
1333 331 1373 336 —
1395 313 1583 344 LITTERAE
1604 314 1830 346 COMMUNES
2158 320 2219 350 429

660 503 794 535 27658.
816 525 855 530 —-
875 506 909 537 S.
930 506 1133 537 Pantaleonis
1151 507 1359 539 Colonien.'et
1378 507 1414 538 de
1427 508 1510 538 Lacu
1523 513 1655 541 monast.
1673 509 1753 546 abb.,
1773 519 1810 540 ac
1826 509 1942 540 decano
1957 510 2030 541 eccl.
2046 510 2082 541 de
2096 510 2217 542 Monac·
2258 540 2260 542 .

617 560 693 590 teria
710 560 743 590 in
758 559 939 600 Meynevelt‚
960 560 1121 591 Treveren.
1139 560 1196 596 di.,
1216 561 1328 592 mand.
1349 563 1386 592 ut
1402 562 1525 593 Joanni
1546 563 1587 593 de
1610 563 1868 603 Wirnemburg‚
1886 563 1986 603 Papae
2003 573 2090 604 cap„
2109 566 2219 597 confe-

616 615 692 644 rant
706 614 965 652 praeposituram
983 613 1063 644 eccl.
1081 614 1261 650 Xaneten„
1291 614 1466 645 Colonien.
1490 615 1549 652 di.,
1570 625 1673 655 quam
1697 616 1846 647 Joannes
1871 617 1911 648 de
1940 617 2066 654 Clevis,
2085 619 2143 658 qui
2159 627 2220 659 pro

617 667 744 698 decano
763 666 844 697 eccl.
857 666 1034 697 Colonien.
1055 675 1091 697 se
1107 667 1206 706 gerit,
1224 676 1242 697 a
1255 667 1404 698 triennio
1422 668 1550 699 detinet
1563 669 1779 707 occupatam;
1798 679 1864 701 non
1881 670 1968 702 obst.
1983 671 2018 701 in
2030 671 2219 710 Colonien.,

617 720 785 756 Bunnen„
799 728 827 750 s.
844 719 975 751 Florini
990 720 1025 750 in
1041 720 1254 751 Confluentia
1267 721 1299 751 et
1311 721 1520 760 Hugarden„
1537 721 1723 758 Colonien.,
1737 723 1918 755 Treveren.
1935 725 1967 755 et
1983 725 2142 756 Leodien.
2159 726 2220 764 di.,

617 783 736 805 canon.
755 774 787 804 et
804 772 919 813 praeb.‚
935 766 972 804 ac
986 773 1022 803 in
1038 773 1156 803 eadem
1171 773 1367 804 Coloniensi
1383 774 1463 805 eccl.
1476 774 1680 814 quibusdam
1695 777 1937 815 praestimoniis
1943 786 1953 814 ;
1967 786 2071 817 super
2083 779 2222 819 quidem

617 827 720 867 praeb.
741 826 935 866 Hugarden.
956 825 1079 865 litigat.
1101 825 1152 863 (V.
1170 827 1221 862 82,
1240 835 1293 865 ep.
1316 827 1394 862 919;
1417 827 1603 858 Sauerland
1621 828 1842 869 (Rheinlande)
1857 831 1881 860 t.
1899 830 1943 868 ΙΙ,
1959 839 1992 870 p.
2012 832 2042 866 8,
2061 841 2094 863 n.
2115 834 2220 872 1123.)

662 877 802 910 27659.
819 897 858 902 -
874 878 1008 909 Henrico
1024 878 1183 919 archiep.o
1209 878 1367 910 Colonien.
1387 880 1511 911 indult.
1533 881 1678 912 faciendi
1696 882 1860 913 celebrari
1875 883 1991 914 divina
2005 893 2118 916 coram
2137 894 2172 917 se
2190 887 2224 917 et

619 934 728 966 famil.
749 933 824 964 suis
839 934 875 964 in
893 933 967 964 loco
984 932 1088 964 etiam
1104 934 1192 963 auct.
1210 934 1319 972 apost.
1336 933 1523 965 ecclesiast.
1541 935 1717 973 supposito
1736 936 1927 967 interdicto.
1944 937 1995 975 (A.
2012 939 2062 975 26,
2076 938 2099 968 f.
2116 940 2174 970 561
2193 944 2221 976 ⁸;

624 988 660 1020 V.
680 989 732 1025 82,
751 996 804 1027 ep.
820 987 907 1026 958.)

665 1038 804 1071 27660.
824 1058 863 1064 -
877 1039 990 1071 Eidem
1011 1039 1156 1070 facultas
1173 1039 1369 1070 conferendi
1386 1040 1446 1070 uni
1461 1040 1515 1070 vel
1529 1040 1676 1071 diversis
1697 1049 1785 1081 pers.
1812 1042 1853 1073 ab
1869 1051 1908 1074 eo
1924 1043 2090 1083 eligendis
2104 1054 2222 1078 canon.

619 1097 652 1127 et
669 1095 773 1135 praeb.
791 1093 1036 1126 sacerdotalem
1057 1093 1226 1127 Bunnen„
1253 1093 1428 1124 Colonien.
1445 1093 1506 1129 di.,
1524 1102 1653 1125 necnon
1678 1095 1892 1126 scolastriam
1910 1105 1984 1136 quae
2003 1098 2151 1137 simplex
2167 1099 2223 1130 off.

619 1158 648 1181 s.
666 1158 694 1180 c.
715 1148 845 1185 existit,
862 1148 895 1179 S.
915 1148 960 1178 M.
977 1147 1019 1178 ad
1033 1147 1167 1178 Gradus
1183 1146 1359 1178 Colonien.
1377 1146 1472 1184 eccl„
1489 1155 1562 1178 vac.
1577 1156 1637 1186 per
1650 1147 1780 1178 obitum
1795 1149 1966 1181 Gotscalci
1980 1150 2020 1181 de
2038 1151 2223 1191 Hei-ingen,

619 1203 679 1244 qui
699 1211 807 1242 nuper
832 1201 1000 1233 veniendo
1024 1200 1067 1231 ad
1090 1201 1281 1232 Romanam
1302 1200 1432 1230 curiam
1461 1200 1496 1231 in
1524 1200 1660 1232 civitate
1688 1202 1964 1241 Carpentoraten.
1989 1204 2083 1236 obiit.
2102 1205 2154 1244 (A.
2172 1207 2225 1244 26,

597 1265 604 1271 ·
620 1257 644 1289 f.
660 1258 718 1288 561
738 1262 766 1293 “;
789 1255 822 1287 V.
842 1257 895 1293 82,
916 1263 968 1295 ep.
985 1254 1072 1294 959.)

665 1307 801 1339 27661.
815 1327 853 1332 -—-
867 1307 1028 1340 Gotscalco
1038 1307 1076 1338 de
1087 1307 1219 1348 Kirberq
1234 1307 1355 1339 rectori
1369 1307 1503 1346 paroch.
1518 1307 1597 1339 eccl.
1612 1308 1647 1338 in
1659 1308 1766 1346 Olme‚
1779 1309 1954 1341 Colonien.
1967 1310 2025 1348 di.,
2036 1312 2140 1351 quiin
2151 1322 2227 1345 exe-

620 1364 766 1405 quendis
787 1362 933 1403 negotiis
954 1362 1094 1393 Henrici
1109 1360 1273 1400 archiep-i
1289 1362 1322 1392 et
1342 1361 1422 1391 eccl.
1441 1361 1628 1397 Colonien..
1651 1370 1688 1392 ac
1706 1362 1809 1393 etiam
1825 1371 1887 1402 pro
1903 1363 1938 1394 S.
1957 1364 1998 1394 A.
2019 1365 2054 1395 in
2072 1365 2228 1404 partibus

620 1418 693 1449 illis
707 1417 854 1449 fideliter
867 1418 900 1447 et
914 1416 1046 1447 utiliter
1059 1414 1214 1446 laborare
1230 1423 1297 1445 non
1309 1415 1430 1452 cessat,
1445 1416 1646 1454 prorogatur
1658 1415 1698 1445 ad
1714 1415 1807 1446 aliud
1819 1415 2004 1447 triennium
2018 1418 2138 1449 induit.
2156 1428 2229 1458 per-

620 1471 770 1512 cipiendi
786 1470 917 1502 fructus
936 1469 1090 1501 omnium
1105 1468 1217 1499 benef.
1236 1477 1377 1499 suorum
1394 1467 1522 1508 absque
1539 1468 1724 1499 residentia
1739 1477 1870 1501 necnon
1883 1471 1919 1500 ut
1936 1470 1977 1500 ad
1997 1471 2229 1511 recipiendum

620 1525 878 1566 presbyteratus
888 1523 958 1555 ord.
970 1523 1099 1554 ratione
1109 1522 1206 1554 dictae
1213 1521 1294 1553 eccl.
1306 1521 1448 1553 minime
1458 1522 1624 1554 teneatur.
1636 1540 1674 1544 —
1683 1522 1710 1553 Ι.
1723 1531 1752 1553 e.
1764 1531 1808 1553 m.
1820 1522 1895 1554 abb.
1906 1526 2052 1556 monast.
2061 1525 2228 1565 Tuicien„

621 1579 796 1612 Colonien.
809 1578 869 1614 di.,
883 1578 915 1609 et
931 1576 1126 1608 subdecano
1140 1576 1329 1612 Colonien.,
1345 1584 1383 1606 ac
1396 1584 1485 1615 mag.
1499 1575 1627 1607 Busolo
1642 1576 1682 1606 de
1696 1576 1831 1613 Parma,
1844 1585 1917 1607 can.
1932 1577 2118 1609 Tornacen.
2131 1580 2230 1620 eccl.,

620 1634 722 1673 Papae
736 1641 808 1672 cap.
830 1631 882 1669 (A.
896 1632 946 1670 26,
964 1630 987 1661 f.
1004 1632 1064 1662 614
1077 1630 1107 1667 b;
1130 1629 1164 1662 V.
1179 1630 1230 1666 83,
1248 1638 1300 1669 ep.
1318 1630 1415 1665 1062;
1432 1629 1620 1660 Sauerland
1637 1629 1865 1668 (Rheinlande)‚
1880 1632 1903 1661 t.
1923 1631 1966 1668 11,
1980 1640 2012 1671 p.
2026 1633 2057 1669 6,
2072 1640 2104 1663 n.
2125 1634 2232 1673 1121.)

666 1683 806 1717 27662.
821 1702 860 1708 -
876 1683 1018 1716 Arnaldo
1035 1683 1072 1715 de
1091 1683 1229 1721 Cumbis,
1249 1682 1377 1714 archid.
1396 1683 1430 1714 S.
1448 1683 1492 1714 Μ.
1514 1683 1555 1714 de
1574 1683 1660 1714 Mari
1679 1683 1713 1714 in
1730 1684 1810 1715 eccl.
1828 1684 2089 1722 Barchinonen.,
2110 1686 2230 1718 indult.

622 1742 671 1775 ut,
688 1741 722 1771 in
740 1740 891 1771 Romana
906 1738 1001 1769 curia
1017 1737 1072 1769 vel
1086 1738 1122 1768 in
1141 1737 1247 1768 altero
1263 1737 1373 1768 benef.
1394 1745 1535 1768 suorum
1549 1737 1716 1774 residens,
1732 1737 1862 1768 fructus
1877 1746 1995 1769 eorum
2013 1738 2142 1779 integre
2159 1748 2233 1779 per-

623 1794 726 1834 cipiat
744 1793 785 1824 ad
802 1792 999 1824 triennium.
1018 1809 1056 1815 —
1069 1792 1096 1822 I.
1113 1799 1141 1822 e.
1161 1799 1207 1822 m.
1222 1790 1397 1823 Bernardo
1414 1790 1514 1830 Lupi,
1532 1791 1564 1821 et
1575 1790 1755 1822 Vincentio
1770 1791 1810 1821 de
1827 1791 2033 1830 Palmerola,
2049 1792 2232 1824 Barchino-

623 1856 715 1883 nen.,
732 1855 770 1878 ac
785 1845 979 1878 Raimundo
999 1845 1163 1882 Ferrarii,
1179 1844 1354 1876 Valentin.
1376 1853 1448 1876 can.
1468 1844 1548 1875 eccl.
1568 1844 1620 1883 (A.
1642 1845 1692 1881 26,
1711 1843 1735 1874 f.
1754 1845 1814 1875 442
1830 1844 1859 1882 b3
1887 1844 1917 1874 V.
1934 1846 1986 1882 82,
2003 1854 2056 1885 ep.
2073 1847 2159 1883 690.)

667 1897 807 1931 27663.
826 1917 864 1922 -
882 1898 1014 1931 Valasco
1031 1899 1174 1935 Martini,
1194 1897 1310 1929 decano
1340 1897 1412 1929 eccl.
1434 1896 1600 1935 Elboren.,
1624 1897 1769 1928 facultas
1800 1898 1946 1929 testandi
1970 1908 2035 1930 aere
2053 1900 2163 1931 alieno
2179 1900 2233 1931 de-

623 1955 736 1987 ducto.
761 1954 813 1994 (A.
827 1955 879 1990 26,
894 1953 918 1984 f.
938 1954 997 1984 435
1014 1952 1044 1989 ¹³5
1068 1952 1105 1984 V.
1125 1953 1176 1990 82,
1194 1961 1246 1992 ep.
1265 1953 1353 1991 694.)

669 2005 805 2037 27664.
823 2024 862 2030 -—
876 2006 1042 2037 Pictavino
1056 2016 1127 2048 ep.o
1149 2005 1292 2037 Vasaten.
1310 2005 1432 2036 indult.
1452 2005 1616 2036 visitandi
1632 2005 1738 2036 semel
1756 2013 1816 2044 per
1832 2005 1919 2036 alios
1934 2014 2097 2045 personas
2111 2007 2144 2038 et
2159 2007 2235 2039 loca

624 2062 812 2095 ecclesiast.
831 2069 970 2092 suarum
985 2060 1078 2092 civit.
1095 2062 1128 2092 et
1137 2059 1199 2098 di.,
1212 2060 1248 2091 in
1259 2059 1385 2100 quibus
1396 2068 1526 2099 guerrae
1539 2059 1716 2098 ingruunt,
1728 2061 1759 2090 et
1770 2059 2024 2098 procurationes
2035 2060 2235 2099 recipiendi.

623 2134 662 2140 —
678 2116 706 2148 I.
725 2124 755 2148 e.
774 2124 820 2146 m.
839 2123 943 2155 praep.
961 2123 989 2145 s.
1008 2113 1138 2145 Justini
1154 2113 1330 2148 Auxitan.,
1357 2113 1390 2144 et
1412 2113 1541 2144 archid.
1566 2114 1753 2152 Agennen.‚
1772 2120 1809 2143 ac
1826 2112 1955 2143 cantori
1971 2113 2131 2145 vasaten.
2151 2114 2232 2144 eccl.

589 2173 592 2176 “
624 2169 678 2210 (Α.
694 2171 745 2207 26,
765 2169 788 2200 f.
803 2170 863 2200 443
879 2168 894 2190 b
911 2169 944 2200 et
961 2169 1022 2199 448
1035 2167 1066 2205 ιη
1087 2166 1121 2199 V.
1138 2168 1190 2205 82,
1211 2175 1262 2207 ep.
1281 2167 1366 2206 706.)

669 2220 809 2253 27665.
828 2241 867 2246 -
883 2221 979 2252 Petro
996 2231 1020 2253 s.
1040 2220 1197 2252 Susannae
1208 2220 1311 2262 presb.
1331 2219 1417 2252 card.
1438 2219 1552 2251 mand.
1570 2220 1608 2250 ut
1617 2219 1742 2251 debitis
1758 2220 1903 2251 monast.
1917 2220 1955 2251 B.
1972 2219 2016 2250 M.
2033 2220 2073 2251 de
2091 2229 2117 2251 s.
2135 2221 2235 2252 Petro

625 2286 730 2317 supra
745 2277 881 2311 Divam,
900 2276 940 2308 O.
958 2275 992 2307 S.
1010 2276 1063 2312 B..
1079 2275 1214 2315 Sagien.
1229 2274 1290 2311 di.,
1307 2274 1342 2305 in
1368 2281 1471 2305 unam
1498 2282 1668 2304 summam
1691 2273 1846 2310 redactiS,
1874 2273 2026 2304 redditus
2041 2273 2150 2314 ejusd.
2168 2282 2235 2305 mo-

624 2333 711 2362 nast.
729 2330 866 2370 colligat
879 2330 923 2367 et,
939 2329 1114 2369 assignata
1128 2337 1190 2368 pro
1205 2328 1282 2360 vitae
1295 2327 1500 2359 necessariis
1516 2327 1688 2358 moderata
1704 2327 1952 2358 sustentatione
1968 2326 2080 2358 abbati
2094 2329 2126 2358 et
2138 2336 2233 2359 conv.

624 2384 748 2425 ipsius,
765 2383 943 2415 residuum
960 2382 1114 2414 eorumd.
1134 2382 1332 2422 reddituum
1357 2382 1394 2412 in
1411 2381 1616 2413 solutionem
1633 2379 1829 2420 hujusmodi
1843 2379 2034 2411 debitorum
2052 2382 2235 2418 convertat,

625 2438 780 2470 abbatem
795 2439 828 2469 et
844 2445 941 2468 conv.
960 2436 1140 2476 praedictos
1157 2445 1176 2467 a
1191 2434 1429 2475 suspensionis
1445 2436 1479 2465 et
1494 2442 1624 2465 excom.
1643 2433 1824 2465 sententiis
1843 2433 2006 2470 absolvat,
2026 2434 2058 2465 et
2077 2434 2235 2465 interdic·

623 2493 708 2528 tum,
724 2491 779 2523 cui
793 2491 840 2523 id.
858 2491 1003 2522 monast.
1023 2491 1090 2521 tam
1108 2491 1217 2530 apost.
1241 2498 1342 2529 quam
1360 2488 1533 2520 ordinaria
1555 2488 1641 2519 auct.
1661 2488 1798 2527 propter
1814 2487 1993 2526 praemissa
2008 2487 2168 2527 subJacet,
2185 2496 2234 2518 re·

624 2547 717 2578 laxet
727 2555 737 2583 ;
756 2545 903 2585 supplic.
924 2543 1042 2575 abbate
1058 2545 1090 2575 et
1107 2552 1203 2575 conv.
1222 2542 1405 2583 praedictis.
1423 2542 1475 2581 (A.
1490 2543 1541 2578 26,
1560 2541 1582 2572 f.
1601 2542 1663 2572 446
1677 2540 1706 2577 b;
1732 2540 1767 2571 V.
1782 2541 1833 2577 82,
1851 2549 1903 2580 ep.
1924 2541 2013 2581 708.)

671 2596 807 2628 27666.
831 2615 866 2620 -
884 2597 1015 2638 Georqio
1031 2597 1067 2628 de
1086 2597 1224 2628 Rotariis
1238 2596 1362 2627 indult.
1382 2596 1418 2626 ut
1438 2595 1480 2626 ad
1498 2595 1686 2626 triennium
1703 2594 1834 2625 fructus
1851 2593 1954 2633 praeb.
1972 2602 2041 2625 suae
2056 2594 2134 2624 eccl.
2154 2594 2235 2625 Tra-

621 2654 746 2694 jecten.
765 2653 893 2692 integre
914 2651 1082 2691 percipiat
1104 2650 1233 2690 absque
1263 2650 1462 2687 residentia,
1489 2657 1592 2679 causa
1607 2647 1724 2679 studii.
1743 2664 1779 2669 —
1794 2647 1820 2678 Ι.
1839 2655 1869 2677 e.
1886 2655 1930 2678 m.
1951 2655 2026 2687 ep.o
2043 2646 2234 2686 vigintimi..

625 2707 721 2744 lien„
737 2708 770 2738 et
788 2705 864 2737 abb.
882 2707 1027 2736 monast.
1043 2713 1070 2735 s.
1087 2704 1199 2740 Pauli,
1214 2712 1252 2734 ac
1263 2703 1390 2734 decano
1403 2702 1554 2734 ecclesiae
1567 2710 1595 2732 s,
1607 2701 1750 2732 Joannis
1761 2700 1950 2740 Trajecten.
1961 2701 2013 2740 (A.
2026 2701 2076 2736 26,
2091 2700 2113 2730 f.
2129 2701 2189 2731 503
2202 2699 2233 2737 ¹³5

631 2760 668 2792 V.
685 2761 737 2796 82,
753 2768 806 2799 ep.
826 2759 913 2798 823.)

673 2810 808 2842 27667.
830 2830 867 2835 -
886 2812 1040 2842 Aimerico
1058 2810 1218 2851 archiep.o
1234 2810 1462 2845 Ravennatem,
1478 2807 1713 2841 Romandiolae
1731 2807 1866 2842 rectori,
1886 2805 2110 2837 committitur
2125 2815 2234 2846 usque

627 2867 670 2899 ad
686 2868 720 2900 S.
738 2868 779 2898 A.
808 2865 1059 2906 beneplacitum
1077 2864 1270 2895 administr.
1290 2863 1436 2894 monast.
1466 2871 1495 2893 s.
1520 2861 1648 2892 Hilarii
1670 2861 1710 2891 de
1728 2860 1888 2896 Galliata,
1904 2859 1944 2891 O.
1965 2859 1997 2890 S.
2015 2859 2067 2897 B.,
2086 2867 2156 2891 suae
2171 2860 2231 2899 di.,

627 2930 689 2961 per
707 2920 837 2952 obitum
864 2919 1011 2951 Arduini
1034 2918 1124 2957 apud
1141 2917 1263 2949 Sedem
1283 2916 1437 2948 eamdem
1458 2914 1585 2955 praevia
1602 2913 1752 2954 generali
1779 2913 1943 2944 reservat.
1964 2914 2109 2944 monast.
2127 2913 2233 2951 civit„

628 2974 675 3005 di.
694 2975 727 3005 et
747 2973 931 3013 provinciae
949 2971 1222 3004 Ravennatensis
1238 2979 1298 3010 per
1314 2970 1381 3000 PP.
1402 2969 1500 3005 facta,
1513 2967 1677 2999 vacantis.
1695 2981 1734 2987 -
1753 2966 1779 2998 Ι.
1799 2974 1829 2997 e.
1846 2974 1891 2996 m.
1908 2974 2004 2997 conv.
2024 2967 2057 2997 et
2072 2966 2234 2998 vassallis

628 3027 736 3067 ejusd.
756 3026 903 3058 monast.
923 3025 975 3064 (A.
995 3026 1046 3063 26,
1064 3024 1087 3055 f.
1104 3025 1164 3056 546
1180 3029 1209 3060 ¹‚·
1235 3023 1268 3054 V.
1284 3024 1334 3061 82,
1353 3030 1405 3062 ep.
1422 3022 1507 3058 918.)
