2540 3496
181 457 286 484 Datum
302 450 487 485 Avenione.

217 558 336 594 221an.
360 558 450 587 1326.

234 605 277 638 (xi
292 604 350 632 kal.
368 603 438 639 feb.)

240 649 270 676 T.
287 649 333 683 XI,
351 649 424 676 XIII.

297 882 330 910 Ut
347 890 371 909 s.

277 926 308 954 T.
326 926 382 954 XX.

292 988 327 1017 Ut
344 997 369 1016 s.

266 1033 296 1060 T.
318 1033 399 1062 XXX.

290 1953 325 1982 Ut
347 1962 370 1982 S.

246 1999 276 2026 T.
297 1999 327 2033 L,
350 1999 408 2027 LII.

283 2115 320 2143 Ut
346 2124 371 2143 s.

274 2159 306 2187 T.
326 2160 381 2187 Lx.

288 2276 324 2304 Ut
340 2284 364 2304 s.

232 2320 263 2349 T.
282 2321 327 2354 XI,
347 2321 419 2349 XIII.

285 2543 321 2572 Ut
339 2552 363 2572 s.

177 2589 210 2618 T.
230 2589 265 2616 xl
284 2589 327 2622 ¹l2,
345 2589 407 2617 XIII
429 2590 472 2624 ¹l2.

289 2812 323 2840 Ut
344 2821 367 2840 s.

229 2857 259 2885 T.
282 2857 328 2892 XI,
350 2857 421 2885 XIII.

289 3027 324 3055 Ut
341 3036 365 3055 s.

235 3072 266 3100 T.
281 3072 327 3106 XI,
347 3072 419 3101 XIII.

548 359 722 408 JOANNJS
747 360 865 391 PAPAE
888 359 990 391 XXII.
1015 360 1265 399 (1316-1334).
1289 378 1326 382 -
1350 357 1537 389 LITTERAE
1560 355 1787 388 COMMUNES
2147 357 2189 388 87

625 553 766 585 24230.
787 574 823 579 -
844 554 978 586 Oliverio
991 554 1121 596 Major-is
1133 553 1171 585 de
1184 553 1349 592 BeHoloco,
1362 561 1453 585 mon.
1469 553 1614 585 monast.
1631 552 1880 591 cluniacensis
1892 554 2114 587 Matisconen.
2129 555 2189 595 di„

580 610 690 650 gratia
717 618 813 649 exsp.
833 609 944 641 benef.
965 609 1101 641 etiamsi
1120 608 1226 648 dign„
1243 607 1296 639 vel
1315 609 1528 647 personatus,
1550 615 1610 638 seu
1632 606 1839 643 administr.,
1863 608 1936 639 sive
1951 610 2192 650 praepositura,

581 665 639 695 aut
657 664 851 699 decanatus,
868 663 921 695 vel
938 663 993 694 off.
1011 663 1148 700 existat,
1165 671 1192 693 c.
1208 671 1236 693 0.
1251 661 1306 692 vel
1320 670 1347 692 s.
1368 670 1409 698 c.,
1428 661 1469 692 ad
1485 660 1598 692 collat.
1617 659 1693 692 abb.
1710 662 1743 692 et
1760 670 1856 693 conv.
1874 662 2028 702 eJusdem
2044 667 2190 697 monast.

579 717 717 757 pertin,
736 719 768 748 et
786 726 844 757 per
860 716 970 756 ipsius
987 715 1172 748 monachos
1188 715 1267 756 gub.
1280 715 1447 746 consueti.
1462 732 1499 738 —
1515 715 1540 745 Ι.
1557 723 1586 746 0.
1602 723 1647 746 m.
1658 715 1805 747 Geraldo
1821 716 1973 757 Rogerii,
1990 717 2190 759 Bituricen.‚

580 773 613 802 et
632 780 720 811 mag.
741 770 934 802 Raimundo
953 770 993 801 de
1009 770 1253 809 Chameyraco,
1269 768 1486 804 Salernitan.‚
1505 777 1543 799 ac
1563 769 1735 800 Bernardo
1753 769 1994 810 Laquintania,
2015 772 2188 805 pictaven.

580 824 662 856 0001.
681 833 754 855 can.
775 823 827 863 (A.
843 825 894 861 24,
915 823 938 854 f.
956 825 1015 854 379
1031 828 1060 859 ⁸5
1084 822 1120 854 V.
1136 823 1189 860 80,
1207 831 1259 862 ep.
1275 822 1363 862 662.)

623 874 762 907 24231.
781 894 818 899 —
835 876 991 907 Ludovico
1008 875 1220 917 ep.o'Metensi
1237 875 1380 906 facultas
1397 875 1639 907 reconciliandi
1654 885 1715 916 per
1730 877 1837 909 alium
1855 879 1935 911 0001.
1956 882 1988 912 et
1999 883 2191 915 caemeteria

578 931 705 962 violata
721 938 860 961 suarum
877 929 970 960 civit.
988 931 1020 960 et
1037 929 1083 960 di.
1102 929 1154 969 (A.
1173 930 1224 966 24,
1244 929 1268 959 f.
1285 931 1345 960 401
1364 928 1396 965 ὓ;
1420 928 1452 959 V.
1472 930 1524 964 80,
1545 938 1598 969 ep.
1617 930 1703 971 733.)

623 980 760 1013 24232.
776 1000 814 1005 -
838 982 1015 1014 Bertrando
1036 992 1061 1014 s.
1081 980 1223 1012 Marcelli
1235 982 1338 1022 presb.
1355 981 1455 1017 card„
1473 982 1512 1012 A.
1531 982 1567 1013 S.
1587 982 1698 1023 leyato,
1724 985 1836 1017 mand.
1856 988 1892 1018 ut
1909 988 2086 1022 confirmet
2104 991 2187 1023 elec·

576 1037 705 1068 tionem
719 1035 836 1068 Jacobi
855 1036 895 1067 de
912 1036 1031 1076 Regio,
1050 1035 1164 1075 presb.
1179 1035 1387 1067 Placentinae
1402 1036 1461 1072 di.‚
1481 1036 1516 1066 in
1533 1036 1678 1077 archipr.
1695 1038 1807 1077 plebis
1824 1047 1851 1070 s.
1864 1039 2001 1082 Georgii
2019 1043 2053 1074 in
2067 1044 2188 1083 Nuria,

577 1091 674 1122 dictae
694 1090 754 1125 di..
773 1091 850 1130 post
873 1089 1003 1121 obitum
1020 1090 1162 1121 Joannis
1184 1098 1244 1129 per
1263 1089 1365 1129 capit.
1386 1091 1419 1120 et
1437 1089 1632 1129 capellanos
1654 1090 1765 1131 ipsius
1787 1092 1899 1132 plebis
1923 1095 2140 1136 celebratam,
2157 1101 2189 1132 et

576 1154 636 1186 per
650 1153 752 1185 praep.
772 1153 809 1175 ac
825 1143 926 1183 capit.
946 1143 1028 1175 eccl.
1050 1142 1240 1174 Placentin.
1258 1142 1505 1180 confirmatam,
1525 1143 1603 1174 licet
1621 1144 1713 1184 Papa
1734 1147 1812 1177 ante
1829 1146 2024 1187 hujusmodi
2040 1153 2188 1185 vacatio-

576 1208 653 1230 nem
674 1197 891 1239 provisiones
916 1197 1070 1229 omnium
1096 1196 1178 1228 0001.
1200 1196 1322 1237 colleg.
1339 1196 1467 1233 saecul„
1493 1196 1527 1227 in
1555 1198 1731 1237 provincia
1754 1199 1980 1234 Mediolanen.
1998 1207 2187 1238 consisten-

575 1253 676 1291 tium,
693 1252 735 1283 ad
751 1260 836 1292 quas
850 1251 983 1291 praelati
1004 1251 1255 1282 consueverunt
1270 1259 1331 1290 per
1350 1250 1551 1282 electionem
1569 1252 1712 1289 assumi,
1734 1253 1891 1293 disposit.
1907 1259 2016 1296 apost.
2036 1267 2188 1293 reserva-

575 1307 675 1338 verit.
697 1305 749 1345 (A.
765 1307 816 1343 24,
832 1305 856 1336 f.
873 1307 934 1337 433
951 1304 980 1342 δ,
1005 1303 1041 1336 V.
1059 1306 1112 1342 80,
1129 1313 1181 1345 ep.
1199 1305 1285 1342 802.)

620 1356 759 1390 24233.
778 1377 814 1382 -
830 1357 984 1390 Ludovico
1003 1368 1073 1400 epa>
1087 1358 1199 1390 Meten.
1215 1357 1360 1389 facultas
1378 1358 1523 1390 faciendi
1540 1359 1645 1399 recipi
1660 1359 1721 1391 hac
1738 1361 1811 1393 vice
1826 1361 2004 1396 dumtaxat
2020 1365 2055 1397 in
2071 1367 2186 1408 singu-

575 1414 667 1454 gulis
691 1415 839 1445 monast.
857 1421 917 1444 seu
939 1412 1019 1444 eccl.
1042 1411 1257 1452 regularibus
1285 1411 1526 1452 religiosorum
1550 1421 1611 1444 seu
1635 1413 1876 1454 religiosarum
1895 1426 2188 1462 quorumcumque

576 1468 647 1499 ord.
665 1476 731 1499 non
758 1466 928 1506 exemptis
949 1475 1089 1497 suarum
1115 1466 1208 1497 civit.
1226 1467 1259 1497 et
1283 1465 1342 1504 di„
1361 1465 1516 1506 singulas
1541 1475 1707 1507 personas
1723 1468 1864 1501 idoneas
1880 1470 1922 1501 ab
1938 1480 1977 1503 eo
2000 1473 2186 1514 eligendas.

576 1522 627 1561 (A.
646 1522 698 1558 24,
714 1521 737 1552 f.
757 1522 818 1553 449
834 1526 862 1558 ⁸;
884 1520 920 1552 V.
937 1522 989 1559 80,
1002 1529 1054 1560 ep.
1072 1521 1158 1558 854.)

620 1572 756 1604 24234.
775 1592 812 1598 -
834 1574 947 1605 Eidem
966 1583 1059 1606 conc.
1077 1574 1114 1605 ut
1140 1582 1159 1605 a
1179 1573 1336 1614 personis
1353 1573 1596 1606 ecclesiasticis
1615 1583 1755 1607 suarum
1778 1577 1869 1610 civit.
1887 1581 1920 1611 et
1942 1580 2002 1619 di.,
2022 1584 2135 1616 saecul,
2154 1587 2187 1618 et

574 1628 802 1670 regularibus,
827 1637 855 1660 s.
872 1628 1016 1660 Joannis
1034 1627 1306 1659 Jerosolimitani
1321 1629 1353 1659 et
1367 1627 1512 1659 aliorum
1529 1628 1752 1668 hospitalium
1768 1631 1841 1663 sive
1864 1632 2042 1667 domorum
2061 1638 2187 1671 milita-

573 1683 665 1715 rium
684 1682 863 1715 ordinibus
882 1682 1060 1714 dumtaxat
1088 1681 1253 1721 exceptis,
1268 1681 1379 1721 possit
1395 1682 1501 1713 semel
1523 1683 1656 1714 tantum
1674 1685 1790 1723 petere
1813 1687 1846 1717 et
1862 1688 2012 1728 recipere
2031 1693 2186 1726 modera-

573 1739 644 1770 tum
658 1736 864 1773 subsidium,
883 1736 925 1767 ad
941 1735 1143 1768 solvendum
1157 1735 1284 1773 debita,
1301 1744 1375 1776 quae
1391 1744 1457 1767 non
1473 1737 1553 1767 sunt
1566 1745 1674 1776 pauca
1687 1739 1720 1769 et
1737 1739 1804 1779 ipsi
1821 1740 2021 1775 incumbunt
2036 1754 2096 1785 pro
2112 1748 2186 1780 suis

574 1791 736 1832 negociis,
755 1790 836 1822 0001.
854 1799 924 1822 suae
944 1791 978 1822 et
993 1791 1092 1821 terrae
1109 1789 1220 1821 eidem
1237 1789 1319 1820 eccl.
1342 1789 1569 1829 spiritualiter
1584 1791 1639 1822 vel
1661 1792 1898 1832 temporaliter
1912 1796 2081 1838 subjectae.
2104 1817 2142 1824 —
2156 1803 2184 1834 Ι.

573 1855 603 1878 0.
618 1854 663 1877 m.
682 1844 853 1884 archiep.o
871 1844 1067 1879 Bisuntino‚
1087 1845 1120 1875 et
1136 1852 1213 1884 ep.o
1233 1843 1454 1883 Lingonensi,
1477 1852 1515 1875 ac
1533 1843 1610 1876 abb.
1628 1847 1774 1877 monast.
1801 1848 2041 1891 LuxoviensiS,
2060 1855 2184 1888 Bisun-

573 1899 636 1931 tin.
654 1899 700 1930 di.
716 1899 770 1938 (A.
789 1899 839 1934 24,
860 1898 882 1929 f.
900 1899 960 1930 449
976 1903 1006 1934 ·;
1034 1897 1065 1927 V.
1084 1899 1137 1935 80,
1156 1906 1208 1937 ep.
1223 1897 1312 1936 855.)

620 1949 756 1982 24235.
777 1970 813 1975 -
830 1951 942 1982 Eidem
961 1951 1083 1982 indult.
1100 1950 1264 1982 visitandi
1284 1959 1344 1991 per
1361 1950 1468 1982 alium
1491 1951 1565 1983 loca
1585 1952 1774 1985 ecclesiast.
1798 1963 1939 1988 suarum
1960 1959 2054 1993 civit.
2073 1963 2105 1994 et
2123 1963 2170 1995 di.

574 2008 607 2038 et
630 2005 887 2045 procurationes
903 2004 1088 2045 recipiendi
1106 2005 1298 2036 moderatas
1316 2004 1350 2035 in
1374 2005 1519 2044 pecunia
1536 2007 1725 2038 numerata.
1740 2025 1777 2030 —
1801 2008 1828 2040 I.
1853 2018 1882 2042 e.
1903 2019 1948 2043 m.
1966 2014 2003 2044 ut
2019 2023 2046 2045 s.
2061 2015 2115 2055 (A.
2131 1989 2184 2056 24:

574 2060 597 2092 f.
613 2062 674 2092 448
687 2066 716 2097 ⁸3
738 2060 774 2091 V.
794 2061 844 2095 80,
865 2068 917 2099 ep.
932 2060 1018 2097 856.)

619 2111 755 2142 24236.
772 2131 809 2136 —
822 2112 976 2144 Ludovico
995 2122 1066 2153 ep.0
1085 2112 1196 2143 Mezen.
1217 2112 1361 2143 facultas
1377 2112 1579 2152 providendi
1598 2113 1631 2144 in
1648 2122 1710 2145 sua
1728 2115 1851 2147 Meten.
1869 2119 1902 2149 et
1919 2118 1954 2149 in
1973 2121 2186 2160 quibuslibet

574 2168 651 2200 aliis
666 2168 780 2199 saecul.
802 2167 923 2207 colleg.
941 2166 1021 2198 eccl.
1043 2174 1108 2198 non
1126 2166 1308 2206 exemptis,
1328 2174 1468 2197 suarum
1483 2166 1575 2198 civit.
1593 2168 1626 2198 et
1643 2167 1703 2205 di„
1720 2168 1867 2209 singulis
1881 2179 1972 2211 pers,
1993 2174 2126 2208 idoneis
2141 2178 2183 2209 ab

573 2231 612 2254 eo
626 2221 794 2261 eligendis
807 2221 848 2251 de
863 2229 982 2251 canon.
998 2219 1062 2251 sub
1078 2228 1175 2259 exsp.
1190 2218 1294 2259 praeb.
1309 2219 1363 2258 (A.
1378 2220 1428 2256 24,
1452 2219 1475 2251 f.
1491 2221 1548 2252 451
1565 2225 1592 2256 ·,·
1615 2220 1649 2252 V.
1669 2222 1720 2259 80,
1737 2230 1789 2262 ep.
1808 2224 1898 2265 858.)

618 2272 758 2306 24237.
777 2291 815 2297 -
832 2274 915 2315 May.
937 2272 1218 2304 Petro‘Raimundi
1233 2273 1271 2304 de
1288 2273 1501 2311 montebruno,
1518 2273 1632 2314 legum
1650 2275 1850 2315 professori,
1866 2287 1962 2318 prov.
1978 2290 2096 2315 canon.
2117 2286 2183 2318 sub

572 2338 668 2370 exsp.
682 2328 785 2369 praeb.
798 2329 878 2359 eccl.
895 2327 1115 2359 Belvacensis
1123 2337 1132 2364 3
1148 2335 1214 2358 non
1228 2326 1315 2358 obst.
1332 2327 1366 2358 in
1379 2327 1546 2367 Agathen.
1557 2337 1690 2366 canon„
1707 2330 1809 2369 praeb.
1824 2332 1857 2362 et
1867 2335 2094 2374 praepositura
2108 2348 2183 2379 quae

572 2384 624 2415 est
638 2383 693 2415 off.
712 2391 739 2413 s.
754 2391 796 2420 c.,
816 2384 849 2413 et
871 2382 906 2413 in
928 2391 956 2413 s.
972 2381 1107 2412 Martini
1124 2382 1294 2413 Turonen.
1314 2381 1395 2413 0001.
1412 2389 1531 2413 canon.
1549 2381 1614 2413 sub
1636 2390 1732 2423 exsp.
1749 2384 1867 2424 praeb.,
1886 2395 1925 2419 ac
1940 2396 1968 2419 s.
1986 2390 2124 2423 Martini
2141 2388 2182 2426 αἱ,

572 2438 717 2477 Garriga
733 2438 765 2468 et
781 2436 821 2467 de
835 2435 1005 2468 Corbiano
1022 2435 1196 2466 ruralibus
1209 2435 1304 2472 0001.,
1315 2435 1480 2475 Agathen.
1492 2435 1587 2466 di.—
1598 2436 1624 2467 Ι.
1640 2445 1726 2468 e.m.
1743 2438 1915 2480 archiep.o
1931 2441 2184 2484 Ebredunensi,

573 2493 606 2523 et
623 2500 698 2530 ep.o
715 2489 908 2527 Vasatensi,
927 2498 964 2521 ac
979 2498 1084 2530 praep.
1103 2489 1184 2520 eccl.
1202 2489 1466 2530 Mag-alonensis.
1487 2489 1538 2528 (A.
1556 2491 1606 2527 24,
1625 2490 1647 2521 f.
1666 2491 1725 2522 523
1742 2496 1774 2529 ⁸3
1803 2492 1835 2523 V.
1853 2495 1904 2531 80,
1922 2504 1973 2536 ep.
1992 2498 2098 2540 1030.)

617 2541 754 2574 24238.
770 2562 807 2567 --
832 2542 961 2574 Nicolao
989 2542 1025 2574 de
1047 2542 1170 2581 Scocto,
1192 2551 1265 2574 can.
1285 2543 1457 2583 Capuano,
1483 2543 1594 2584 gratia
1612 2553 1708 2585 exsp.
1734 2545 1846 2578 benef.
1872 2548 1914 2587 (0.
1932 2558 1960 2581 0.
1982 2552 2023 2583 20
2036 2553 2090 2584 vel
2108 2563 2136 2586 s.
2154 2564 2184 2587 0.

572 2600 611 2631 10
626 2607 702 2630 unc.
718 2597 805 2636 auri)
817 2597 851 2628 in
868 2597 961 2629 civit.
975 2597 1029 2628 vel
1042 2597 1089 2628 di.
1102 2597 1292 2634 Casertan„
1310 2597 1432 2637 pertin.
1447 2597 1489 2628 ad
1501 2597 1614 2629 collat.
1632 2599 1699 2638 ep.i
1716 2599 1903 2640 Casertan„
1921 2611 1987 2635 non
2005 2605 2093 2638 obst.
2107 2609 2185 2648 qui-

570 2652 716 2684 busdam
741 2651 896 2692 partibus
913 2651 948 2683 in
969 2651 1002 2683 S.
1023 2651 1068 2683 Μ.
1087 2651 1127 2683 (10
1147 2651 1276 2683 Lucino
1299 2652 1332 2683 et
1356 2659 1384 2682 s.
1401 2651 1494 2683 Petri
1517 2651 1558 2683 de
1576 2651 1807 2692 Robacanina‚
1825 2655 1986 2696 Aliphan.
2008 2659 2066 2697 di„
2084 2662 2182 2698 0001.,

572 2707 599 2747 (1
619 2705 727 2738 unciae
741 2706 841 2742 auri).
857 2722 896 2727 —
911 2705 937 2736 1.
954 2714 983 2736 e.
998 2713 1044 2736 m.
1069 2704 1196 2737 archid.
1212 2705 1244 2736 et
1260 2705 1464 2737 cancellario
1479 2705 1660 2745 Capuanae,
1678 2715 1716 2738 ac
1729 2707 1872 2740 Nicolao
1888 2710 1929 2741 de
1946 2711 2089 2752 FractiS,
2107 2724 2181 2747 can.

571 2761 745 2792 Patracen.
764 2759 860 2797 0001.,
874 2759 941 2791 litt.
960 2760 1069 2799 apost.
1085 2759 1279 2791 correctori.
1297 2758 1350 2798 (A.
1367 2760 1419 2796 24,
1435 2759 1459 2790 f.
1477 2760 1537 2791 577
1555 2764 1584 2797 ⁸5
1608 2759 1644 2791 V.
1661 2761 1713 2798 80,
1728 2769 1781 2801 ep.
1798 2763 1908 2803 1164.)

616 2810 755 2843 24239.
774 2831 811 2835 -
826 2812 939 2844 Iacobo
953 2817 1026 2843 nato
1044 2811 1201 2844 Willzelmi
1216 2812 1382 2843 Ebetzonis
1392 2821 1488 2853 prov.
1502 2821 1620 2845 canon.
1638 2813 1702 2845 sub
1718 2822 1814 2855 exsp.
1828 2816 1932 2856 praeb.
1945 2819 2026 2850 0001.
2039 2828 2066 2850 s.
2082 2821 2181 2854 Pauli

572 2867 858 2899 Wormaciensis.
875 2885 912 2890 —
936 2867 962 2898 Ι.
979 2875 1008 2899 0.
1028 2875 1072 2898 m.
1092 2867 1218 2898 decano
1244 2866 1492 2902 Wormacien,
1511 2868 1544 2899 et
1562 2867 1689 2899 Jacobo
1715 2868 1756 2900 de
1775 2869 1917 2907 Mutina,
1943 2867 2080 2904 scolast.
2101 2875 2183 2907 Tul.

573 2918 654 2958 len„
670 2929 708 2952 ac
724 2920 862 2961 Syfrido
875 2921 916 2953 de
929 2920 1191 2961 Hyldensheim,
1209 2928 1281 2951 can.
1297 2920 1406 2960 eJusd.
1426 2920 1659 2952 Wormacien.
1676 2921 1757 2952 0001.
1778 2922 1829 2959 (A.
1846 2924 1896 2960 24,
1914 2924 1936 2955 f.
1954 2926 2050 2963 698·;
2072 2926 2105 2959 V.
2124 2929 2176 2968 80,

573 2983 626 3014 ep.
647 2974 754 3014 1478.)

618 3024 757 3057 24240.
774 3045 813 3050 -
826 3026 957 3059 Nicolao
973 3027 1010 3059 de
1022 3027 1154 3059 Notare'o
1171 3028 1304 3059 civitatis
1323 3027 1524 3059 Wormacien.
1543 3036 1638 3067 prov.
1652 3036 1770 3059 canon.
1789 3028 1853 3060 sub
1866 3038 1962 3071 exsp.
1981 3033 2083 3072 praeb.
2098 3036 2181 3067 0001,

575 3090 602 3112 s.
625 3081 768 3113 Andreae
782 3081 1065 3113 Wormaciensis.
1085 3098 1124 3104 —
1138 3082 1164 3113 Ι.
1181 3090 1210 3114 0.
1226 3090 1272 3113 m.
1290 3082 1327 3113 ut
1347 3090 1374 3112 s.
1390 3082 1442 3122 (A.
1458 3082 1509 3119 24,
1526 3081 1548 3111 f.
1565 3082 1625 3113 698
1640 3080 1673 3118 ¹³5
1700 3080 1733 3112 V.
1749 3082 1799 3119 80,
1816 3091 1868 3123 ep.
1886 3084 1993 3125 1479.)
