2540 3496
218 437 319 463 Datum
334 430 517 464 Avenione.

258 538 294 567 17
308 547 370 575 apr.
392 538 478 567 1326.

254 585 303 618 (xv
317 584 376 611 kal.
395 583 489 616 maii.)

329 807 365 834 Ut
385 816 408 834 s.

333 967 368 995 Ut
384 976 407 995 s.

329 1125 364 1153 Ut
380 1134 403 1153 s.

333 1339 370 1367 Ut
387 1348 410 1367 s.

262 1554 298 1582 18
315 1555 383 1581 maii
399 1554 487 1582 1326.

261 1600 314 1633 (xv
329 1599 387 1627 kal.
405 1598 482 1636 jun.)

197 1661 216 1688 4
232 1664 265 1696 (11
281 1662 359 1696 11011.)
371 1662 437 1696 jun.
456 1661 534 1690 1326

225 1825 238 1850 1
254 1823 410 1860 (1(111.)]“111,
431 1824 519 1852 1326.

336 2143 372 2171 Ut
391 2152 415 2171 s.

226 2356 243 2384 7
258 2357 351 2393 (non.)
361 2357 418 2393 jul.
441 2358 528 2386 1326.

334 2517 371 2545 Ut
387 2526 410 2545 s.

260 2784 301 2812 25
314 2783 374 2819 jul.
398 2784 486 2814 1326.

258 2829 325 2864 (vm
341 2829 400 2858 kal.
409 2830 497 2881 aug.)

597 344 770 375 JOANNIS
795 345 913 376 PAPAE
935 346 1036 376 XXII.
1062 346 1306 386 (1316-1334).
1329 366 1366 370 —
1390 347 1575 378 LITTERAE
1599 346 1650 379 DE
1673 348 1797 379 CURIA
2149 347 2208 377 305
2244 385 2246 387 ,

658 534 795 566 26434.
810 556 848 561 -
864 538 943 569 Eid.
964 538 1064 579 leqaco
1087 540 1232 572 facultas
1257 540 1456 572 absolvendi
1476 541 1517 572 ab
1535 550 1664 573 excom.
1683 541 1865 573 nonnullos
1880 541 1969 573 infra
1987 549 2056 572 suae
2072 540 2208 580 legatio-

612 590 667 621 nis
684 591 850 622 terminos
866 600 926 630 per
940 592 1086 631 judiceS,
1106 602 1125 624 a
1145 594 1179 625 S.
1197 595 1238 626 A.
1257 594 1440 634 delegatos,
1464 594 1786 632 excommunicatos,
1811 595 1869 634 qui
1890 596 2063 635 nequeunt
2080 594 2211 625 absolvi

612 643 693 683 quia
709 643 780 674 sive
804 644 911 684 aliqui
937 645 1090 684 Judicum
1107 647 1272 685 ipsorum,
1290 647 1415 687 quibus
1437 648 1472 678 in
1493 648 1554 679 hoc.
1570 648 1629 679 alii
1644 657 1711 679 non
1729 648 1923 686 succedunt,
1940 648 2031 679 viam
2046 649 2124 678 sunt
2139 647 2210 678 uni-

612 705 720 727 versae
749 697 862 728 carnis
881 698 1041 737 ingressi,
1057 699 1129 730 sive
1149 701 1374 739 quorumdam
1397 702 1493 740 copia
1510 701 1550 732 de
1576 701 1668 732 facili
1690 701 1813 733 habere
1838 710 1904 733 non
1929 703 2051 741 potest,
2066 702 2138 732 sive
2154 700 2211 731 ali-

615 758 763 789 quorum
777 750 974 789 jurisdictio
988 752 1167 791 expiravit.
1185 752 1236 792 (A.
1254 755 1305 789 25,
1322 754 1346 784 f.
1365 755 1424 786 688
1440 760 1468 788 a;
1489 754 1525 785 V.
1543 756 1594 792 80,
1612 764 1664 794 ep.
1681 756 1731 791 38,
1747 754 1783 785 de
1797 754 1911 795 curia.)

660 799 794 832 26435.
817 821 854 825 ——
875 803 950 835 Eid.
967 803 1066 850 leqato
1081 807 1233 845 potestas
1245 807 1468 846 cognoscendi
1483 816 1604 838 causas
1619 809 1652 838 et
1668 808 1825 847 querelas
1838 808 2026 840 incolarum
2039 817 2109 839 suae
2124 808 2211 847 lega-

614 855 720 887 tionis
735 857 776 887 ad
789 856 823 887 S.
837 858 877 887 A.
893 856 1088 897 interiectas
1104 859 1136 889 et
1151 859 1413 898 interponendas
1430 861 1465 890 in
1483 861 1666 900 posterum.
1683 861 1736 900 (A.
1752 863 1803 899 25,
1817 861 1840 892 f.
1855 863 1915 893 688
1929 867 1957 899 ⁸3
1978 861 2010 893 V.
2027 863 2078 899 80,
2091 870 2144 901 ep.
2160 863 2211 898 39,

613 908 650 940 de
664 910 776 948 curia.)

657 960 795 992 26436.
811 981 850 986 -
867 963 942 994 Eid.
972 964 1074 1004 leqato
1090 964 1235 996 facultas
1257 966 1443 1005 recipiendi
1461 966 1495 997 in
1514 975 1575 998 sua
1595 967 1761 1007 legatione
1778 977 1797 999 a
1814 968 2084 1008 quibuscumque
2099 977 2213 1007 perso-

614 1017 669 1047 nis
686 1017 848 1057 resignat.
864 1017 1107 1049 beneficiorum
1124 1027 1264 1049 suorum
1282 1027 1324 1050 ex
1349 1028 1451 1050 causa
1472 1021 1730 1058 permutationis
1746 1021 1917 1052 faciendas
1934 1022 2088 1061 dictaque
2101 1021 2212 1053 benef.

613 1071 845 1110 permutandi.
860 1071 912 1111 (Α.
929 1072 981 1108 25,
999 1071 1021 1102 f.
1040 1072 1100 1103 688
1118 1071 1150 1108 ¹³;
1172 1071 1208 1103 V.
1228 1072 1280 1109 80,
1296 1081 1348 1112 ep.
1364 1074 1415 1108 40,
1434 1072 1471 1103 de
1491 1074 1601 1112 curia.)

659 1120 795 1152 26437.
811 1142 850 1147 -
874 1124 952 1156 Eid.
980 1124 1082 1165 legato
1104 1125 1274 1156 indultum
1298 1128 1335 1156 ut
1350 1126 1430 1157 cler.
1450 1126 1515 1162 sui,
1536 1127 1609 1166 ejus
1632 1127 1807 1167 obsequiis
1832 1128 2030 1164 existentem,
2052 1128 2214 1168 quamdiu

561 1195 563 1197 -
613 1177 739 1217 legatio
752 1186 815 1208 sua
832 1178 1016 1214 duraverit,
1031 1178 1164 1209 fructus
1181 1179 1332 1209 omnium
1349 1178 1460 1210 benef.
1480 1187 1620 1211 suorum
1640 1180 1769 1220 integre
1784 1181 1972 1220 percipiant
1987 1180 2114 1221 absque
2132 1182 2214 1213 resi-

613 1230 742 1262 dentia.
758 1249 796 1253 —
811 1231 838 1262 1.
857 1240 886 1262 e.
916 1241 961 1262 m.
979 1231 1101 1263 Senen.
1124 1233 1157 1262 et
1181 1232 1351 1272 Anagnin.
1369 1233 1469 1272 epis,
1489 1241 1526 1264 ac
1547 1233 1679 1264 Buxolo
1702 1234 1742 1264 de
1759 1234 1894 1272 Parma,
1921 1243 1993 1265 can.
2014 1235 2212 1272 Tornacen.,

612 1284 715 1324 Papae
729 1284 916 1324 capellano.
942 1285 994 1323 (A.
1011 1286 1061 1323 25,
1081 1285 1106 1316 f.
1125 1286 1185 1317 689
1199 1290 1227 1322 ³3
1253 1285 1283 1317 V.
1301 1287 1352 1323 80,
1370 1295 1422 1326 ep.
1439 1287 1490 1323 41,
1506 1285 1542 1316 de
1554 1287 1665 1325 curia.)

659 1334 796 1367 26438.
817 1355 855 1360 -
876 1338 1033 1369 Universis
1046 1339 1187 1380 personis
1199 1339 1366 1370 ecclesiast.
1383 1339 1581 1370 saecularibus
1596 1340 1827 1380 etreyularibus
1839 1340 1881 1371 ad
1894 1350 1968 1381 quas
1979 1345 2142 1381 praesentes
2152 1341 2212 1372 liet.

613 1392 809 1433 pervenerint
824 1392 938 1423 mand.
956 1394 993 1423 ut
1007 1393 1118 1424 eumd.
1136 1393 1285 1433 legatum
1299 1393 1443 1433 benigne
1459 1393 1636 1433 recipiant,
1653 1393 1793 1425 honeste
1809 1395 1965 1432 tractent,
1983 1394 2051 1434 ipsi
2066 1403 2127 1434 pro
2142 1394 2216 1425 suis

616 1447 649 1477 et
668 1445 808 1477 familiae
827 1454 896 1477 suae
919 1446 1125 1478 necessariis
1147 1448 1180 1478 et
1202 1455 1321 1478 securo
1347 1447 1514 1478 conductu
1533 1447 1762 1487 providentes.
1789 1447 1841 1487 (A.
1864 1449 1915 1485 25,
1935 1447 1958 1478 f.
1981 1448 2040 1479 687
2054 1453 2082 1483 ι,
2104 1447 2141 1479 V.
2163 1448 2215 1483 80,

614 1507 666 1539 ep.
683 1500 734 1536 43,
749 1498 786 1529 de
800 1499 912 1536 curia.)

663 1550 798 1582 26439.
817 1571 855 1577 -
882 1551 1047 1584 Communi
1060 1554 1295 1585 Assisinatensi.
1319 1554 1546 1594 Suspenditur
1559 1563 1667 1594 usque
1682 1554 1724 1585 ad
1738 1563 1844 1585 unum
1859 1563 1986 1585 annum
2000 1554 2217 1586 interdictum

616 1606 671 1638 cui
686 1606 859 1645 subjacere
877 1607 1041 1638 noscitur.
1064 1608 1115 1645 (A.
1130 1609 1183 1645 25,
1202 1608 1225 1638 f.
1239 1609 1300 1639 695
1313 1613 1342 1643 ²;
1364 1607 1397 1638 V.
1416 1609 1467 1646 80,
1483 1616 1535 1647 ep.
1549 1609 1600 1644 44,
1615 1607 1651 1638 de
1663 1607 1778 1648 curia.)

660 1657 798 1690 26440.
816 1677 854 1683 -
871 1660 988 1691 loanni
1003 1671 1027 1692 s.
1046 1661 1201 1692 Theodori
1216 1661 1297 1692 diac.
1316 1661 1416 1699 card„
1436 1662 1476 1692 A.
1493 1661 1529 1692 S.
1548 1661 1659 1702 leqato,
1675 1662 1717 1693 ad
1729 1661 1861 1693 Tusciae
1876 1661 2087 1701 provinciam
2102 1662 2135 1692 et
2151 1669 2218 1692 cer-

617 1715 671 1745 tas
688 1715 803 1753 partes
817 1714 904 1745 alias
917 1714 1099 1751 destinato,
1110 1715 1280 1746 indultum
1296 1714 1490 1747 celebrandi
1504 1715 1703 1746 solemniter
1714 1716 1747 1746 et
1762 1714 1932 1746 celebrare
1945 1714 2091 1746 faciendi
2105 1714 2220 1745 divina

619 1767 654 1798 in
672 1767 758 1798 locis
776 1767 956 1799 interdicto
968 1769 1166 1808 suppositis.
1190 1769 1242 1807 (A.
1259 1770 1309 1804 25,
1328 1769 1351 1800 f.
1368 1770 1428 1801 694
1444 1774 1472 1806 ⁸;
1492 1768 1526 1800 V.
1543 1769 1594 1806 80,
1611 1778 1663 1808 ep.
1681 1770 1732 1807 ⁴2,
1752 1768 1788 1799 de
1805 1768 1915 1806 curia.)

660 1818 796 1850 26441.
816 1839 855 1843 -
872 1821 1035 1852 Ber-nardo
1054 1821 1092 1853 de
1108 1821 1219 1858 Pedio,
1237 1823 1360 1854 rectori
1378 1823 1458 1854 eccl.
1480 1823 1520 1853 de
1538 1822 1702 1860 Relhana,
1720 1822 1892 1862 Aquensis
1908 1822 1968 1859 di.,
1986 1822 2130 1853 facultas
2147 1822 2216 1853 lau·

619 1875 722 1906 dandi
750 1875 962 1906 venditiones
987 1876 1176 1914 domorum,
1206 1877 1376 1908 terrarum
1401 1878 1433 1908 et
1457 1876 1603 1907 aliarum
1625 1876 1884 1915 possessionum
1906 1876 2166 1912 consistentium
2184 1876 2220 1907 in

617 1929 742 1959 castris
764 1929 938 1960 Novarum
959 1930 991 1960 et
1015 1929 1130 1961 Sancti
1150 1930 1313 1970 Remigii,
1339 1929 1590 1961 Avenionensis
1617 1929 1676 1967 di.,
1702 1930 1735 1960 et
1758 1929 1974 1969 pertinentiis
1994 1929 2160 1966 eorumd.‚
2178 1928 2220 1960 ab

617 1982 698 2013 eccl.
716 1982 940 2019 Avenionen.‚
958 1983 1055 2022 quus
1073 1983 1266 2015 administr.
1282 1982 1346 2015 sub
1360 1992 1463 2014 manu
1480 1983 1656 2014 Pontificis
1670 1984 1804 2014 tenetur
1813 1982 1855 2014 ad
1867 1991 2018 2022 praesens
2033 1983 2065 2014 et
2078 1982 2218 2022 regitur,

618 2035 873 2075 emphyteutico
887 2036 963 2075 ⁸iure
980 2036 1202 2074 moventium,
1220 2036 1327 2068 factas
1338 2039 1371 2068 et
1385 2037 1419 2067 in
1433 2039 1607 2076 posterum
1626 2036 1808 2068 faciendas.
1823 2036 1874 2074 (A.
1889 2037 1939 2074 25,
1953 2036 1976 2066 f.
1992 2037 2052 2068 695
2067 2035 2097 2073 ¹³3
2114 2035 2150 2067 V.
2167 2037 2218 2074 80,

617 2097 671 2129 ep.
687 2090 738 2126 47,
756 2089 792 2119 de
809 2090 921 2130 curia.)

664 2139 785 2171 26441
812 2141 876 2172 bis.
898 2161 932 2166 —
951 2143 1097 2174 Gasbereo
1120 2143 1158 2174 de
1177 2143 1432 2179 Montelauduno,
1449 2143 1594 2183 archipr.
1611 2144 1652 2174 de
1668 2143 1868 2181 Lamaensa,
1886 2143 2141 2174 Lemovicensis
2159 2143 2218 2180 di.,

619 2196 766 2228 facultas
782 2196 909 2228 similis
922 2197 1034 2237 quoad
1048 2198 1261 2229 venditiones
1272 2198 1461 2233 domorum,
1475 2199 1645 2228 terrarum
1659 2198 1692 2228 et
1706 2197 1851 2228 aliarum
1870 2197 2128 2236 possessionum
2145 2202 2222 2227 con-

617 2250 815 2281 sistentium
831 2250 866 2281 in
881 2252 993 2282 castro
1020 2260 1048 2282 s,
1069 2251 1243 2283 Laurentii
1262 2251 1302 2283 de
1319 2250 1510 2283 Arboribus
1525 2252 1557 2282 et
1579 2250 1664 2281 locis
1683 2259 1710 2281 s.
1729 2249 1869 2282 Genesii
1885 2251 1918 2281 et
1932 2250 2057 2287 Liraci‚
2076 2250 2220 2281 Avenie-

618 2311 696 2334 nen.
714 2303 774 2340 di.,
791 2312 829 2335 ac
843 2303 1061 2343 pertinentiis
1074 2304 1284 2340 eorumdem,
1302 2306 1364 2335 etc.
1383 2304 1435 2342 (A.
1449 2305 1500 2341 25,
1517 2303 1540 2334 f.
1558 2305 1618 2335 695
1633 2302 1663 2340 b;
1688 2302 1721 2333 V.
1739 2304 1791 2339 80,
1808 2311 1861 2342 ep.
1878 2304 1930 2340 48,
1947 2302 1983 2333 de
2000 2302 2114 2343 curia.)

663 2354 801 2386 26442.
821 2375 859 2380 -
879 2357 1054 2388 Bertrando
1070 2367 1094 2388 s.
1119 2357 1262 2388 Marcelli
1281 2357 1383 2398 presb.
1410 2357 1509 2395 card„
1529 2357 1567 2388 A.
1587 2357 1623 2387 S.
1648 2356 1760 2397 teqaeo,
1781 2356 1926 2387 facultas
1939 2356 2135 2388 conferendi
2150 2350 2221 2387 sin-

620 2410 710 2450 gulis
723 2418 815 2450 pers.
831 2410 965 2441 idoneis
981 2410 1117 2451 singula
1126 2410 1239 2442 benef.
1252 2411 1407 2442 vacantia
1421 2419 1482 2451 per
1497 2410 1628 2442 obitum
1642 2410 1777 2442 Nicolai
1796 2409 2005 2450 Campellen.
2023 2409 2063 2441 de
2077 2409 2221 2447 Fractis,

617 2464 721 2502 Papae
737 2463 916 2503 scriptoris
931 2465 963 2495 et
984 2464 1092 2504 ejusd.
1112 2464 1215 2504 legati
1233 2464 1427 2496 familiaris.
1447 2465 1498 2503 (A.
1516 2466 1566 2499 25,
1585 2464 1608 2494 f.
1624 2465 1685 2495 695
1700 2469 1730 2501 ⁸3
1757 2463 1790 2493 V.
1809 2464 1861 2501 80,
1876 2471 1928 2503 ep.
1946 2464 1998 2500 45,
2019 2462 2056 2493 de
2071 2462 2184 2503 curia.)

665 2514 802 2546 26443.
829 2535 868 2540 -
896 2517 972 2548 Eid.
997 2517 1097 2558 leqato
1120 2518 1220 2549 facul.
1256 2518 1461 2558 praeficiendi
1483 2526 1574 2558 pers.
1600 2518 1756 2549 idoneam
1780 2517 1815 2547 in
1841 2516 1997 2548 abbatem
2024 2515 2222 2548 monasterii

619 2579 646 2602 s.
667 2568 841 2602 Benedicti
860 2571 901 2602 de
930 2571 1149 2607 Pandeliron,
1166 2571 1205 2604 Ο.
1222 2571 1255 2603 S.
1274 2566 1324 2609 R,
1347 2572 1519 2603 Mantuan.
1542 2571 1601 2606 di.,
1620 2579 1679 2611 per
1694 2570 1823 2602 obitum
1841 2569 2013 2610 Radulphi
2030 2570 2118 2609 apud
2130 2569 2162 2600 S.
2178 2569 2220 2602 A.

617 2624 749 2664 praevia
763 2624 914 2664 generali
930 2626 1093 2657 reservat.
1110 2625 1151 2656 de
1167 2625 1326 2656 omnibus
1342 2624 1593 2657 cathedralibus
1608 2626 1641 2656 et
1656 2623 1884 2655 abbatialibus
1901 2623 1981 2655 eccl.
2000 2623 2107 2659 civit,
2125 2622 2171 2653 di.
2189 2624 2222 2653 et

617 2677 866 2718 patriarchatus
882 2678 1099 2719 Aquilegen.‚
1116 2687 1177 2719 per
1192 2679 1231 2710 P.
1250 2679 1288 2710 P.
1305 2678 1405 2715 facta,
1424 2679 1587 2710 vacantis.
1610 2678 1663 2718 (A.
1681 2679 1732 2713 25,
1749 2677 1771 2708 f.
1789 2678 1850 2709 695
1871 2676 1900 2713 ¹³3
1925 2676 1958 2708 V.
1975 2677 2027 2713 80,
2045 2685 2097 2716 ep.
2116 2677 2166 2713 46,
2185 2675 2222 2706 de

617 2732 728 2772 curia.)

663 2782 801 2816 26444.
819 2803 858 2809 —
874 2785 962 2827 Epo
978 2786 1152 2816 Parisiensi
1166 2787 1279 2817 mand.
1296 2787 1333 2817 ut
1347 2795 1383 2818 se
1401 2785 1561 2817 informet
1578 2786 1611 2816 et
1627 2784 1784 2816 Pontifici
1798 2783 1922 2815 referat
1935 2783 1976 2814 de
1993 2791 2133 2814 numero
2147 2782 2220 2814 illo-

617 2848 694 2871 rum
710 2839 769 2879 qui
786 2839 920 2871 scholas
934 2839 1132 2880 linguarum
1149 2823 1346 2875 fiaebraicae,
1363 2839 1499 2876 Graecae,
1513 2838 1666 2870 Arabieae
1684 2839 1716 2868 et
1729 2837 1883 2869 Chaldeae
1901 2836 1936 2867 in
1950 2835 2138 2867 Parisiensi
2151 2837 2221 2867 stu-

620 2893 677 2924 dio
688 2893 786 2933 juxta
804 2894 970 2924 statutum
986 2901 1046 2932 per
1061 2893 1271 2924 Clementem
1288 2893 1325 2923 P.
1345 2893 1383 2923 P.
1400 2893 1430 2924 V
1446 2892 1480 2922 in
1499 2891 1642 2922 concilio
1660 2891 1825 2922 Viennen.
1846 2889 1974 2920 editum
1991 2890 2122 2928 regunt,
2140 2890 2173 2920 et
2190 2889 2221 2920 si

620 2946 796 2978 scholares
814 2946 987 2977 auditores
1005 2946 1161 2983 habeant,
1182 2948 1214 2978 et
1229 2946 1376 2986 qualiter
1391 2946 1425 2976 in
1444 2944 1624 2984 stipendiis
1641 2946 1672 2975 et
1693 2942 1887 2982 sumptibus
1905 2942 2135 2982 provideatur,
2154 2944 2222 2974 eta

620 2999 746 3039 quibus
771 3001 803 3031 et
828 3001 993 3039 quantum
1012 3000 1167 3040 exigatur
1191 3000 1320 3031 ratione
1342 2998 1548 3039 provisionis
1572 2997 1777 3037 hujusmodi.
1800 2996 1852 3035 (A.
1873 2997 1925 3032 25,
1945 2995 1967 3026 f.
1987 2997 2046 3027 696
2064 3001 2092 3032 ¹3
2113 2995 2149 3027 V.
2168 2996 2219 3034 80,

337 3091 482 3120 ,1οΑ111115
502 3092 584 3120 xxn.
602 3109 637 3114 -
657 3093 688 3120 T.
707 3092 752 3119 V1.
2044 3086 2080 3113 39
