2540 3496
227 405 333 434 Datum
357 399 541 434 Avenione.

241 646 243 649 ¹
275 667 314 695 20
329 667 384 702 feb.
406 665 494 694 1327.

283 714 314 747 (x
329 711 388 740 kal.
404 711 506 744 mart.)

317 756 349 786 T.
363 755 459 783 XXVI.

348 1094 385 1123 Ut
402 1103 426 1122 s.

307 1141 338 1168 T.
352 1139 473 1167 xxvul.

351 1202 385 1230 Ut
404 1210 428 1230 s.

328 1247 359 1274 Τ.
380 1246 451 1274 XVI.

362 2435 398 2463 Ut
416 2443 441 2463 s.

313 2481 344 2508 T.
359 2480 405 2514 XI,
421 2479 493 2508 xm.

363 2703 400 2732 Ut
418 2712 443 2731 s.

314 2748 346 2777 Τ.
363 2748 410 2782 XI,
426 2748 499 2777 XIII.

369 2971 405 3000 Ut
422 2979 446 2999 s.
531 3011 533 3013 ι

315 3016 346 3043 Τ.
367 3015 414 3048 XI,
434 3015 505 3044 XIII.

594 315 768 347 JOANNIS
792 317 909 348 PAPAE
931 318 1033 350 XXII.
1057 321 1306 362 (1316-1334).
1332 340 1369 345 ——
1392 324 1577 355 LITTERAE
1600 324 1824 356 COMMUNES
2166 330 2225 360 457

629 505 716 537 facto
733 505 896 537 beneficio
913 508 1054 546 gaudeat
1073 508 1253 548 libertatis,
1273 511 1379 550 aliqui
1402 513 1512 543 tamen
1533 514 1566 544 et
1589 514 1775 553 praesertim
1799 515 1949 546 canonici
1968 516 2112 555 praeben.
2133 517 2227 548 dictae

629 559 710 589 eccl.
726 559 799 599 ejus
815 560 905 590 tilios
922 560 955 590 in
974 569 1091 592 servos
1108 562 1230 594 habere
1246 564 1385 602 cupiunt
1407 567 1438 596 et
1461 566 1622 597 nituntur.
1640 567 1693 607 (Α.
1717 569 1769 605 26,
1786 568 1808 599 f.
1828 569 1888 599 548
1903 568 1933 605 b,
1955 569 1989 600 V.
2006 571 2056 607 82,
2076 578 2127 610 ep.
2145 572 2225 607 923;

631 612 788 649 Theiner,
809 613 1012 644 Monumenta
1030 614 1177 645 historica
1194 616 1345 654 Poloniae,
1366 619 1387 648 t.
1407 619 1431 654 Ι,
1455 627 1486 657 p.
1503 621 1574 656 294,
1593 620 1665 651 doc.
1683 621 1915 661 CCCLXXV.)

674 663 812 695 27936.
831 683 868 688 -—
884 666 971 707 Ep.o
990 667 1204 699 Cameracensi
1219 671 1331 701 mand.
1349 672 1384 701 ut
1399 672 1523 702 Joanni
1548 673 1588 704 de
1614 674 1681 704 Hal
1699 676 1731 705 et
1747 675 1849 706 sociis
1877 676 1949 706 suis
1972 677 2226 714 mercatoribus,

631 719 856 750 creditoribus
870 719 1015 758 abbatis,
1033 722 1156 760 prioris
1172 732 1210 753 ac
1224 732 1318 754 conv.
1333 726 1475 756 monast.
1493 726 1533 756 de
1551 727 1725 763 Valcellis,
1742 729 1881 760 Cisterc.
1900 730 1985 765 ord.,
2001 739 2070 761 suae
2087 731 2145 768 di.,
2162 731 2227 762 sol-

630 774 687 804 vat
705 774 763 804 737
780 773 840 804 lib.
860 782 1056 813 grossorum
1074 776 1322 814 turonensium,
1348 780 1447 817 prout
1470 778 1502 809 b.
1529 788 1593 810 me.
1620 781 1743 812 Petrus
1765 782 1990 821 praedecessor
2008 792 2091 814 suus
2108 784 2227 815 debue-

630 828 683 858 rat
699 835 760 866 pro
776 828 946 866 emptione
962 828 1064 858 unius
1086 829 1192 860 curtis
1208 829 1289 860 dicti
1306 832 1517 869 monasterii,
1542 835 1666 864 vocatae
1683 834 1722 865 de
1738 835 1955 872 Ribaucourt‚
1979 837 2074 868 dictae
2092 837 2151 876 di.,
2169 846 2228 877 pro

631 887 749 911 mensa
766 880 952 920 episcopali
971 881 1068 917 facta.
1085 882 1118 912 et
1134 891 1192 921 pro
1211 883 1317 922 pretio
1334 885 1432 915 10570
1449 884 1509 915 lib.
1528 887 1590 916 tur.
1612 895 1804 925 parvorum,
1822 889 1910 928 quod
1926 890 2071 928 pretium
2087 899 2152 921 non
2163 891 2228 922 sol-

632 933 680 965 vit
699 933 766 964 nisi
783 942 844 973 pro
860 934 974 973 aliqua
989 936 1100 974 parte;
1117 936 1158 965 ad
1170 944 1272 975 quam
1288 937 1516 969 venditionem
1533 939 1634 970 iidem
1654 940 1769 975 abbas,
1787 941 1880 980 prior
1896 943 1928 973 et
1944 951 2039 973 conv.
2057 943 2099 974 ob
2113 952 2229 975 eorum

631 987 747 1018 debita
760 988 865 1019 coacti
884 987 1032 1024 fuerunt,
1045 990 1133 1019 auct.
1147 990 1260 1020 tamen
1271 989 1493 1021 diffinitorum
1504 993 1603 1031 capit.
1614 995 1780 1032 generalis
1795 995 1876 1026 dicti
1886 996 1956 1026 ord.
1968 996 2020 1034 (A.
2035 998 2085 1035 26,
2098 998 2119 1029 f.
2131 1001 2189 1030 555
2201 1003 2228 1035 ¹3

637 1040 674 1072 V.
692 1042 744 1075 82,
762 1049 815 1080 ep.
831 1042 911 1078 932;
930 1042 969 1072 A.
989 1042 1116 1081 Fayen,
1134 1041 1251 1072 Lettres
1265 1042 1300 1072 de
1314 1043 1392 1074 Jean
1409 1043 1514 1080 XXII,
1533 1046 1557 1076 t.
1573 1046 1615 1082 II,
1632 1055 1664 1086 p.
1686 1048 1752 1081 102,
1772 1056 1804 1079 u.
1824 1049 1927 1088 1921.)

677 1091 816 1124 27937.
829 1111 867 1116 -
883 1094 987 1125 Abbas
1004 1099 1134 1125 monast.
1152 1105 1178 1126 r.
1203 1095 1327 1126 Vedasti
1342 1097 1551 1128 Atrebacensis
1569 1099 1748 1139 deputatur
1763 1103 1921 1133 executor
1939 1104 2122 1142 supradicti
2139 1114 2228 1137 man-

633 1148 725 1179 dati:
735 1149 789 1186 (A.
804 1149 854 1186 26,
874 1148 894 1178 f.
913 1149 972 1180 555
986 1153 1013 1185 ³;
1031 1148 1066 1179 V.
1080 1149 1131 1184 82,
1148 1157 1199 1188 ep.
1219 1151 1304 1189 933.)

681 1199 817 1231 27938.
836 1219 875 1225 -
895 1201 1085 1233 Gundisalvo
1101 1202 1260 1243 archieps>
1288 1203 1498 1235 Brackarensi
1515 1206 1628 1236 mand.
1650 1207 1686 1237 ut
1710 1215 1747 1237 se
1771 1207 1930 1240 informet
1944 1211 1976 1240 et
1993 1211 2091 1253 I³apae
2111 1212 2234 1243 referat

634 1256 675 1288 de
693 1256 774 1287 cler.
790 1256 1106 1293 excommunicatis,
1125 1257 1369 1296 irregularibus
1384 1259 1416 1289 et
1434 1258 1632 1290 simoniacis
1650 1268 1786 1291 suarum
1809 1261 1915 1298 civit.‚
1933 1263 1977 1293 di.
1995 1265 2027 1294 et
2044 1265 2233 1303 provinciae,

635 1318 711 1342 cum
731 1309 856 1349 quibus
874 1309 960 1349 petit
977 1309 1175 1349 dispensare
1193 1318 1416 1351 quorumque,
1435 1312 1470 1342 ut
1487 1312 1620 1349 asserit,
1647 1313 1740 1344 tanta
1757 1314 1938 1347 multitudo
1955 1317 2071 1348 existit
2085 1319 2185 1357 quod,
2205 1319 2236 1350 si

635 1363 678 1394 ab
690 1371 807 1394 eorum
825 1363 1074 1403 deponerentur
1089 1363 1224 1401 officiiS,
1247 1372 1407 1405 magnum
1428 1366 1544 1404 posset
1564 1374 1605 1396 ex
1630 1365 1691 1397 hoc
1716 1367 1913 1399 scandalum
1937 1369 2094 1402 suboriri.
2113 1372 2164 1411 (A.
2182 1374 2235 1409 26,

635 1417 658 1448 f.
677 1418 738 1449 556
754 1416 786 1454 ι’;
809 1416 844 1448 V.
860 1417 912 1454 82,
928 1425 981 1457 ep.
999 1417 1085 1457 954.)

684 1467 821 1500 27939.
836 1488 874 1493 -
890 1469 1026 1501 Henrico
1042 1469 1078 1500 de
1097 1470 1279 1511 Domponria.
1299 1471 1378 1502 cler.
1398 1473 1431 1503 et
1451 1473 1632 1504 secretario
1645 1473 1759 1504 Caroli
1773 1475 1815 1506 R.
1832 1475 1863 1505 et
1875 1475 2012 1507 Joannae
2025 1477 2065 1508 R.
2081 1478 2118 1509 F.
2135 1480 2167 1509 et
2181 1479 2238 1517 N„

637 1525 832 1564 indulgetur
849 1525 886 1555 ut
903 1532 1011 1564 usque
1031 1524 1073 1556 ad
1091 1524 1274 1556 triennium
1294 1534 1360 1556 non
1385 1526 1540 1556 teneatur
1555 1526 1682 1558 ratione
1710 1527 1845 1566 paroch.
1865 1530 1945 1559 eccl.
1973 1539 2000 1561 s.
2025 1531 2150 1562 Macuti
2170 1532 2238 1563 Ro-

637 1579 845 1618 thomagen.,
857 1571 953 1618 cujus
969 1579 1078 1609 rector
1093 1578 1223 1616 existit,
1234 1578 1289 1609 vel
1304 1579 1446 1610 alterius
1461 1579 1585 1617 benef„
1599 1580 1641 1611 ad
1654 1580 1849 1612 diaconatus
1858 1583 1889 1613 et
1903 1583 2156 1623 presbyteratus
2168 1586 2239 1618 ord.

638 1632 845 1674 promoveri,
863 1632 1046 1663 dummodo
1065 1632 1154 1663 infra
1171 1632 1295 1663 festum
1314 1633 1588 1664 Resurrectionis
1603 1634 1756 1673 proxime
1780 1634 1931 1666 futurum
1961 1636 2241 1671 subdiaconatum

639 1686 791 1726 recipiat.
810 1685 866 1726 (A.
882 1687 932 1723 26,
950 1686 974 1716 f.
995 1687 1053 1717 571
1072 1691 1100 1722 ²3
1123 1685 1159 1717 V.
1177 1687 1228 1723 82,
1248 1694 1300 1725 ep.
1319 1687 1404 1724 972.)

686 1736 823 1769 27940.
841 1756 880 1761 -
894 1738 982 1780 Ερ.ο
999 1738 1214 1771 Gamerae-ensi
1223 1740 1334 1770 mand.
1353 1740 1389 1771 ut
1402 1739 1554 1771 absolvat
1571 1749 1601 1770 n.
1618 1750 1649 1770 v.
1665 1741 1829 1772 Joannem
1844 1743 1884 1773 de
1899 1743 2070 1780 Flandria,
2086 1746 2243 1778 comitem

639 1795 858 1830 Namurcen.,
877 1793 1039 1824 Leodien.
1057 1793 1117 1830 di.,
1136 1792 1178 1824 ab
1194 1802 1320 1824 excom.
1339 1793 1476 1825 incursa
1487 1802 1529 1824 ex
1545 1803 1584 1825 eo
1603 1795 1704 1834 quod,
1724 1795 1850 1827 dudum
1868 1805 1989 1836 guerra
2006 1798 2138 1838 vigente
2155 1799 2243 1831 inter

641 1857 756 1888 ep.um
773 1846 934 1879 Leodien.
953 1848 986 1878 et
1006 1847 1119 1878 eumd.
1136 1847 1308 1884 comitem,
1324 1849 1442 1887 gentes
1460 1847 1569 1887 ipsius
1587 1847 1721 1879 comitis
1735 1849 1900 1880 Joannem
1922 1850 2048 1882 dictum
2072 1853 2243 1891 Lecostre‚

642 1901 720 1933 cler.
740 1900 956 1941 conjugatum
973 1901 1082 1941 ejusd.
1100 1901 1159 1939 di.,
1177 1909 1239 1940 pro
1255 1909 1293 1932 eo
1309 1901 1399 1940 quod
1414 1900 1588 1932 dicebatur
1605 1910 1805 1941 procurasse
1821 1912 1977 1942 guerram
1991 1904 2167 1945 ipsamque
2185 1915 2242 1938 nu-

641 1955 734 1991 trire,
753 1964 790 1986 ac
806 1954 968 1986 scismata
984 1954 1153 1986 seminare
1170 1954 1258 1986 inter
1280 1963 1393 1994 ep.um
1415 1956 1448 1986 et
1470 1955 1626 1986 comitem
1643 1955 1831 1994 praedictos,
1851 1956 1893 1987 ad
1910 1957 2076 1996 quoddam
2095 1960 2244 1990 castrum

641 2009 749 2049 ejusd.
763 2008 899 2040 comitis
915 2009 1088 2049 captivum
1107 2009 1290 2044 duxerunt,
1312 2008 1348 2039 in
1369 2017 1435 2048 quo
1464 2008 1575 2040 dictus
1601 2008 1744 2040 clericus
1771 2009 1997 2041 incarceratus
2013 2011 2125 2043 extitit
2146 2014 2177 2043 et
2195 2012 2244 2044 sic

642 2062 776 2094 austere
791 2062 947 2094 detentus
962 2062 1052 2102 quod
1069 2062 1157 2093 infra
1170 2070 1297 2101 paucos
1314 2062 1386 2093 dies
1402 2062 1580 2102 expiravit,
1597 2062 1629 2093 et
1646 2062 1787 2102 insuper
1803 2063 1908 2094 alium
1922 2064 2001 2095 cler.
2015 2065 2142 2096 dictum
2155 2066 2244 2097 Hen-

641 2116 786 2148 nardum
802 2117 884 2156 Fys‚
903 2116 1073 2156 praedictae
1098 2116 1157 2152 di.,
1180 2116 1251 2156 (qui
1270 2116 1464 2156 explorator
1478 2116 1628 2155 tempore
1648 2124 1776 2155 guerrae
1793 2116 1987 2156 hujusmodi
2005 2118 2190 2158 dicebatur)
2209 2119 2244 2150 in

642 2171 753 2202 castro
770 2170 977 2202 Namurcen.
994 2169 1255 2210 deprehensum,
1273 2169 1308 2200 in
1326 2169 1471 2209 quodam
1492 2170 1595 2200 ssuVIo
1618 2169 1886 2207 submerserunt,
1913 2170 2045 2211 aliaque
2063 2172 2246 2204 homicidia

643 2225 675 2256 et
696 2223 853 2255 incendia
868 2223 908 2255 de
926 2224 1039 2254 mand.
1062 2225 1095 2254 et
1114 2232 1281 2254 consensu
1296 2224 1410 2254 tamen
1427 2222 1534 2263 ejusd.
1560 2222 1695 2254 comitis
1714 2224 1965 2263 perpetrarunt;
1984 2224 2134 2264 injuncto
2149 2226 2246 2265 prius

642 2277 708 2309 eid.
724 2277 839 2308 comiti
856 2278 892 2308 ut
918 2276 1074 2308 ecclesiis
1092 2285 1235 2316 quarum
1253 2276 1390 2308 fuerunt
1414 2276 1528 2307 clerici
1552 2276 1737 2315 supradicti
1756 2276 1902 2317 aliisque
1920 2278 2074 2309 ecclesiis
2094 2279 2134 2310 de
2154 2279 2244 2310 dam-

643 2331 698 2362 nis
715 2330 822 2362 illatis
840 2330 931 2362 infra
945 2339 1072 2362 annum
1084 2330 1284 2362 satisfaciat.
1303 2330 1354 2369 (A.
1369 2331 1421 2367 26,
1438 2329 1462 2359 f.
1477 2330 1536 2360 593
1553 2329 1581 2366 ι);
1604 2329 1640 2360 V.
1658 2330 1710 2367 83,
1728 2338 1780 2369 ep.
1795 2331 1888 2367 102I;
1906 2331 1946 2362 A.
1964 2332 2091 2371 Fayen,
2110 2341 2160 2372 op.
2181 2333 2244 2371 cit„

642 2386 668 2417 t.
682 2385 726 2422 11,
742 2393 774 2415 n.
796 2385 886 2422 1923,
905 2393 937 2424 p.
955 2385 1041 2423 103.)

689 2434 827 2467 27941.
844 2456 883 2461 -
900 2437 1045 2468 Arnaldo
1061 2437 1098 2468 de
1113 2437 1284 2473 leaubart,
1301 2445 1390 2468 mon.
1410 2438 1555 2468 monast.
1575 2437 1616 2469 de
1631 2436 1786 2473 Solhaco,
1808 2437 1847 2469 Ο.
1869 2437 1902 2468 S.
1922 2438 1972 2475 B„
1992 2438 2165 2470 Caturcen.
2185 2439 2246 2476 di.,

645 2491 754 2532 gratia
772 2500 865 2531 exsp.
883 2491 1066 2531 prioratus,
1081 2491 1187 2530 dign..
1203 2492 1417 2531 personatus,
1439 2490 1507 2525 off..
1527 2490 1714 2521 administr.
1735 2490 1789 2521 vel
1805 2490 1914 2522 benef.
1935 2500 1962 2522 c.
1978 2500 2006 2523 c.
2026 2492 2080 2523 vel
2094 2501 2122 2523 s.
2144 2501 2184 2529 c.,
2205 2492 2247 2523 ad

646 2545 758 2577 collat.
776 2545 895 2576 decani
911 2546 944 2576 et
963 2553 1060 2576 conv.
1090 2544 1198 2584 ejusd.
1224 2545 1381 2581 monast,
1405 2552 1464 2583 per
1487 2543 1650 2574 decanum
1681 2543 1773 2575 soliti
1791 2543 1868 2583 gub.
1895 2545 1927 2575 et
1948 2544 2057 2584 ipsius
2074 2545 2246 2576 monachis

647 2598 815 2639 assignari
831 2598 996 2629 consueti.
1013 2616 1053 2621 -
1067 2598 1093 2629 Ῑ.
1111 2607 1140 2629 e.
1158 2606 1203 2628 m.
1218 2597 1344 2629 archid.
1370 2597 1540 2637 Figiacen.
1557 2597 1745 2634 Caturcen.,
1768 2598 1800 2628 et
1820 2597 1948 2628 cantori
1965 2597 2006 2628 de
2026 2597 2163 2634 Vicano,
2185 2598 2244 2629 Ca·

646 2654 775 2685 turcen.
790 2652 850 2688 di.,
872 2660 910 2683 ac
925 2652 1108 2683 Ademario
1124 2651 1274 2688 Ricardi,
1289 2660 1361 2682 can.
1380 2651 1544 2682 Morinen.
1563 2650 1642 2682 eccl.
1659 2650 1710 2689 (A.
1725 2652 1776 2688 26,
1796 2650 1818 2681 f.
1834 2652 1892 2682 593
1910 2650 1939 2688 ὓς
1954 2650 1989 2682 V.
2005 2652 2056 2688 83,
2074 2660 2126 2690 ep.
2144 2653 2246 2691 1022.)

693 2702 832 2735 27942.
854 2723 894 2728 —
914 2705 1046 2736 Arberto
1062 2704 1099 2735 de
1115 2705 1198 2736 Savo
1216 2713 1311 2745 prov.
1333 2705 1450 2736 canon'.
1468 2704 1547 2735 eccl.
1571 2703 1763 2736 Gerunden.
1781 2703 1843 2735 sub
1859 2712 1954 2743 exsp.
1977 2703 2079 2744 praeb.
2098 2713 2173 2735 cum
2198 2713 2249 2737 ca-

648 2759 808 2800 pellaniis
822 2759 877 2790 vel
897 2759 1140 2799 praestimoniis
1161 2758 1311 2790 cedentis
1334 2757 1388 2789 vel
1415 2757 1608 2789 decedentis
1632 2757 1794 2792 canonici,
1821 2757 1949 2788 consid.
1974 2757 2102 2789 Sanciae
2123 2758 2247 2798 reginae

649 2813 789 2846 SIciliae.
804 2829 843 2834 —
858 2812 898 2844 In
914 2821 942 2844 e.
961 2821 1006 2843 m.
1021 2812 1233 2844 Galcerando
1247 2812 1390 2843 Zacosta
1405 2811 1531 2843 archid.
1548 2810 1713 2850 Urgelleti
1733 2812 1765 2842 et
1787 2809 2048 2842 Vallisandorrae
2062 2810 2246 2850 Urgellen„

651 2875 689 2898 ac
713 2866 886 2898 Bernardo
909 2865 1057 2903 Natalis,
1081 2866 1212 2901 Vicen.,
1241 2874 1278 2896 ac
1304 2865 1455 2897 Arnaldo
1481 2864 1637 2904 Squardi,
1664 2863 1783 2894 Elnen.
1811 2863 1981 2894 canonicis
2010 2863 2091 2894 eccl.
2113 2865 2164 2902 (A.
2195 2866 2247 2902 27,

651 2919 675 2951 f.
696 2921 732 2950 21
751 2924 779 2956 ·;
803 2919 838 2950 V.
858 2920 910 2956 83,
928 2927 980 2958 ep.
1001 2919 1105 2957 1127.)
2120 2954 2123 2956 .

697 2969 833 3002 27943.
851 2990 889 2995 —
916 2972 1049 3003 Oliverz'o
1072 2971 1227 3008 Flamenc,
1253 2975 1326 3002 nato
1350 2970 1499 3002 Gue'donis
1522 2970 1669 3001 Flamenc
1691 2969 1767 2999 dicti
1786 2968 1823 2999 de
1840 2967 1974 2999 Bruzato
1993 2969 2111 3006 militt's,
2138 2970 2248 3002 clerico

654 3026 887 3066 Petraqoricen.
910 3025 967 3061 di.,
985 3025 1122 3056 collatio
1138 3033 1255 3056 canon.
1274 3024 1336 3056 sub
1355 3033 1449 3064 exsp.
1467 3023 1568 3063 praeb.
1589 3022 1668 3054 eccl.
1687 3022 1871 3053 Bituricen.
1886 3030 1946 3061 per
1962 3024 2248 3057 consecrationem

365 3078 510 3106 JOANNIS
528 3079 611 3108 XXII.
633 3096 666 3102 —
685 3080 717 3108 T.
737 3079 784 3107 vl.
2071 3075 2107 3104 58
