2540 3496
307 351 368 381 3ῑο

343 441 446 468 Datum
463 434 643 468 Avenione.

378 648 414 675 14
432 655 493 674 nov.
516 645 602 673 1326.

363 694 450 728 (xviii
469 691 526 718 kal.
545 691 620 723 dec.)

398 736 489 766 'l'.X1,
507 735 577 762 Xlll.

447 862 482 889 Ul
499 869 524 888 s.

432 906 463 934 Τ.
484 906 540 933 XX.

443 1075 484 1111 Ut·
498 1084 521 1102 s.

393 1121 423 1147 T.
440 1121 486 1154 xl,
503 1120 574 1147 xlii.

442 1238 476 1265 Ut
501 1246 525 1265 S.

387 1283 418 1309 T.
434 1283 505 1317 xm,
520 1282 575 1309 xv.

444 1453 478 1481 Ut
493 1462 516 1480 s.

406 1498 437 1526 T.
460 1499 553 1526 XXIV.

442 1615 477 1642 Ut
495 1623 518 1641 s.

425 1660 456 1686 T.
476 1659 531 1686 XX.

443 1777 477 1805 Ut
493 1786 516 1804 s.

388 1823 418 1849 T.
436 1822 481 1855 xl,
494 1822 567 1851 xlll.

444 1992 477 2019 Ul
494 2000 517 2018 s.

426 2037 455 2062 T.
479 2037 535 2063 XX.

441 2152 474 2179 Ul
490 2160 512 2178 s.

382 2196 413 2223 T.
435 2197 480 2228 xl,
500 2197 571 2226 XIII.

437 2366 469 2393 Ut
490 2375 513 2393 s.

384 2410 414 2438 τ.
431 2411 476 2445 xi,
496 2412 566 2438 xm.

435 2690 469 2717 Ul
485 2699 507 2717 s.

377 2734 408 2762 T.
427 2735 472 2766 xl,
490 2735 561 2762 Xlll.

433 2958 466 2985 Ut
481 2967 504 2985 s.

374 3001 405 3030 T.
422 3003 495 3036 XIII,
510 3003 566 3031 XV.

703 347 876 378 JOANNIS
900 346 1018 376 PAI’AE
1041 346 1142 376 XXII.
1168 348 1418 386 (1316-1334).
1442 365 1480 370 —
1503 347 1690 378 LIT'I‘ERAE
1713 348 1938 381 COMMUNES

737 537 900 567 Veronen.
926 536 1099 567 clericatu.
1117 551 1155 557 —
1172 534 1198 566 Ι.
1219 543 1248 566 e.
1267 543 1311 566 m.
1330 535 1529 575 patriarchae
1545 536 1706 576 Graden.,
1721 546 1798 578 ep.o
1815 539 1997 572 Mantuano
2013 542 2047 573 et
2062 541 2175 575 abbati
2191 545 2337 576 monast.

733 599 759 620 s.
779 589 925 620 Zenonis
940 589 980 619 de
997 589 1140 620 Verona.
1160 588 1214 626 (A.
1234 589 1285 626 26,
1303 588 1325 620 f.
1344 590 1406 621 252
1423 594 1454 626 ⁸;
1477 589 1513 621 V.
1527 591 1579 628 82,
1599 599 1653 631 ep.
1672 592 1761 631 292.)

776 639 967 672 27011.-
988 641 1215 673 Bartlrolomaeo
1234 646 1308 672 nato
1329 642 1443 683 quoad.
1468 642 1582 674 Scaclzi
1605 643 1642 675 de
1657 644 1812 676 Lero-ariis
1836 645 1874 677 de
1896 646 2004 678 Janua
2021 635 2125 689 prov.
2138 658 2256 682 canon.
2275 650 2343 682 sub

731 704 826 735 exsp.
846 695 946 735 praeb.
965 695 1045 726 eccl.
1070 704 1097 726 s.
1119 695 1218 726 Pauli
1245 695 1457 728 Leodiensis
1484 714 1522 719 —
1538 697 1564 729 Ι.
1590 706 1619 730 e.
1645 707 1691 730 m.
1719 699 1846 732 decano
1873 709 1899 732 S.
1926 700 2056 738 Crucis,
2077 703 2110 734 et
2130 702 2279 735 Antonio
2298 703 2340 736 de

730 749 871 780 Budello
889 749 969 790 (leqe
986 748 1153 789 Bugella),
1172 748 1311 787 majoris
1333 749 1507 786 Leodien.,
1525 759 1562 782 ac
1582 752 1713 783 Buxolo
1732 753 1773 784 de
1793 753 1928 792 Parma,
1946 754 2046 795 Papae
2061 764 2147 796 cap.,
2164 765 2238 788 can.
2257 757 2337 789 Tor·

730 803 885 833 nacensis
902 802 981 833 eccl.
1000 803 1053 842 (A.
1069 803 1121 842 26,
1140 802 1162 833 f.
1179 803 1238 834 266
1259 808 1288 840 ⁸3
1311 802 1345 833 V.
1359 804 1411 841 82,
1426 812 1479 843 ep.
1497 805 1583 844 321.)

774 853 912 886 27042.
931 874 967 879 -
985 856 1020 887 S.
1040 856 1170 887 Joanm's
1185 856 1218 886 in
1238 856 1343 887 Vincis
1357 856 1554 890 Suessionen.
1574 863 1602 889 et
1616 869 1642 891 a.
1662 857 1804 900 Crispini
1818 860 1950 901 Majorir
1967 867 2100 892 monast.
2116 862 2289 902 abbatibus,
2303 874 2340 895 ac

729 910 850 940 cantori
866 909 938 941 eccl.
956 910 1191 941 Suessionensz's
1204 910 1318 941 mand.
1333 919 1394 951 pro
1411 912 1602 952 receptione
1621 913 1761 945 Joannae
1775 914 1839 945 den
1857 914 1980 953 Viller,
1995 923 2168 948 conversae
2189 916 2339 958 hospita-

728 964 772 994 lis
786 973 974 1004 pauperum
987 964 1186 995 monasterii
1201 964 1404 995 monialium
1418 965 1456 996 B.
1473 965 1516 997 M.
1532 966 1769 1005 Suessionen.,
1785 967 1823 1000 O.
1841 967 1874 999 S.
1890 969 1944 1005 Β.,
1961 967 1997 999 in
2012 977 2211 1002 conversam
2229 970 2338 1003 claus-

727 1017 771 1049 tri
787 1017 940 1057 ejusdem
957 1019 1120 1054 monast.;
1140 1017 1286 1057 supplic.
1302 1018 1459 1050 Emelina
1473 1018 1661 1051 abbatissa.
1682 1020 1734 1059 (A.
1749 1021 1801 1058 26,
1818 1021 1842 1052 f.
1859 1023 1918 1053 257
1933 1021 1963 1059 ¹²3
1980 1021 2016 1053 V.
2032 1023 2086 1059 82,
2102 1031 2156 1063 ep.
2170 1024 2257 1063 326.)

772 1068 907 1100 27043.
931 1089 968 1094 —
991 1070 1200 1102 Palamidesio
1217 1076 1292 1101 nalo
1311 1070 1470 1113 Aldriqeti
1483 1071 1521 1103 de
1541 1073 1760 1115 Montaynana
1777 1074 1917 1107 collatio
1931 1084 2050 1107 canon.
2070 1077 2104 1108 et
2127 1076 2233 1117 praeb.
2253 1070 2336 1110 eccl.

726 1125 904 1156 Paduanae.
920 1143 954 1147 —
967 1125 993 1156 I.
1010 1134 1038 1156 e.
1057 1134 1101 1157 m.
1120 1134 1146 1156 s.
1166 1126 1185 1156 J
1189 1125 1309 1156 oannis
1324 1125 1364 1157 de
1378 1125 1552 1158 Viridaria
1565 1127 1716 1159 Paduan.
1731 1129 1764 1160 et
1780 1137 1807 1160 s.
1825 1128 1945 1160 Lazari
1963 1138 2069 1170 prope
2082 1129 2234 1162 Paduam
2249 1130 2338 1171 prio.-

726 1178 834 1216 ribus,
853 1188 890 1210 ac
907 1179 1033 1210 archid.
1052 1179 1284 1210 Winctonien.
1305 1178 1358 1220 (A.
1375 1181 1426 1217 26,
1446 1179 1470 1211 f.
1489 1181 1549 1212 275
1564 1185 1593 1217 ³3
1616 1180 1648 1211 V.
1669 1182 1722 1219 82,
1743 1190 1795 1222 ep.
1811 1183 1897 1221 332.)

769 1230 907 1263 27044.
925 1251 963 1256 -
980 1233 1119 1264 Simeoni
1136 1233 1172 1263 de
1188 1233 1353 1274 Paqnano,
1370 1233 1484 1274 presb.
1501 1234 1670 1267 Tervisin.
1684 1236 1745 1274 di.,
1764 1235 1902 1267 collatio
1918 1235 2030 1268 benef.
2048 1236 2271 1269 ecclesiarum
2287 1246 2338 1270 ss.

725 1287 869 1325 Nicolai,
892 1287 1049 1318 Silvestri
1072 1289 1105 1318 et
1127 1287 1270 1318 Caeciliae
1288 1287 1328 1318 de
1350 1287 1443 1318 Silva
1460 1289 1616 1320 Arsanno
1639 1290 1672 1320 et
1691 1289 1851 1330 Lavaglo,
1870 1289 1967 1321 dictae
1986 1290 2047 1328 di.,
2071 1299 2099 1322 o.
2122 1299 2164 1329 c.,
2187 1291 2239 1329 (15
2259 1291 2334 1324 flor.

725 1341 825 1381 auri),
842 1350 913 1373 vac.
934 1350 994 1381 per
1018 1341 1148 1372 obitum
1165 1340 1258 1372 Petri
1286 1350 1312 1372 s.
1340 1341 1463 1381 Angeli
1482 1341 1570 1373 diac.
1597 1343 1703 1381 card,
1718 1343 1815 1384 cujus
1837 1343 1951 1375 benef.
1978 1344 2071 1385 Papa
2087 1344 2248 1385 disposit.
2266 1353 2339 1377 suae

725 1396 967 1427 reservaverat.
988 1413 1016 1418 —-
1049 1395 1074 1426 I.
1093 1404 1120 1426 e.
1141 1404 1185 1426 m.
1204 1397 1240 1426 ut
1256 1404 1282 1426 s.
1304 1395 1354 1433 (A.
1373 1396 1425 1433 26,
1444 1394 1465 1427 f.
1482 1397 1543 1427 275
1562 1395 1598 1434 b3
1623 1395 1654 1427 V.
1673 1397 1725 1436 82,
1742 1406 1796 1437 ep.
1817 1397 1907 1438 333.)

769 1446 905 1477 27045.
922 1466 960 1471 -
977 1448 1068 1479 Εἰδοὶ.
1084 1448 1294 1479 executoribus
1314 1449 1424 1480 mand.
1443 1450 1480 1480 ut
1493 1449 1689 1490 supradicto
1704 1450 1937 1483 Palamidesio
1954 1451 2131 1483 conferant
2153 1460 2261 1484 unum
2285 1460 2340 1484 ca-

725 1512 802 1534 non.
823 1504 855 1534 et
871 1511 972 1534 unam
988 1502 1091 1543 praeb.
1112 1511 1128 1533 e
1152 1502 1311 1542 pluribus
1325 1503 1582 1534 canonicatibus
1598 1505 1630 1535 et
1645 1503 1763 1544 praeh.,
1781 1513 1856 1545 quae
1870 1505 1941 1545 jam
1959 1504 2071 1536 dictus
2091 1505 2182 1537 card.
2200 1505 2236 1536 in
2251 1505 2333 1538 eccl.

724 1558 761 1588 B.
779 1556 822 1587 Μ.
841 1557 881 1588 de
895 1556 1131 1596 Montagnano,
1150 1556 1319 1587 Paduanae
1335 1556 1395 1592 di.,
1413 1556 1597 1589 obtinebat.
1619 1558 1673 1596 (A.
1688 1559 1740 1595 26,
1759 1558 1781 1589 f.
1801 1559 1860 1590 276
1877 1563 1905 1596 ²3
1929 1557 1960 1589 V.
1978 1559 2030 1596 82,
2050 1567 2103 1599 ep.
2121 1559 2208 1599 334.)

769 1607 904 1639 27046.
923 1628 960 1633 -—
973 1609 1154 1640 Alexandro
1168 1614 1242 1640 nato
1258 1609 1441 1641 Zamboneli
1457 1609 1494 1641 de
1511 1609 1636 1642 Beludis
1653 1615 1684 1641 et
1703 1610 1892 1642 Constantiae
1903 1617 1994 1642 παίω
2013 1611 2168 1653 quondam
2188 1611 2336 1654 Huqom‘s

723 1664 760 1694 de
781 1664 909 1701 Zachis,
929 1663 1043 1694 civibus
1059 1663 1229 1700 paduanis,
1246 1663 1398 1703 dispens.
1417 1673 1520 1704 super
1537 1668 1584 1695 1v⁰
1604 1665 1825 1706 consanguin.
1843 1666 1950 1705 gradu
1974 1666 2010 1697 in
2034 1666 2185 1704 matrim.
2205 1667 2337 1698 contra·

724 1718 842 1749 hendo.
864 1718 915 1758 (A.
933 1720 985 1753 26,
1005 1718 1027 1749 f.
1042 1719 1102 1749 266
1117 1717 1147 1755 b;
1167 1717 1203 1748 V.
1217 1718 1269 1754 82,
1287 1726 1339 1757 ep.
1359 1718 1449 1757 335.)

768 1769 904 1800 27017.
924 1789 962 1793 -
975 1771 1089 1801 Pontio
1106 1771 1214 1806 Fabri,
1231 1771 1311 1802 cler.
1339 1771 1558 1811 Mirapiscen.
1578 1772 1637 1808 di.,
1653 1772 1763 1812 gratia
1777 1781 1873 1812 exsp.
1891 1772 2003 1804 benef.
2022 1774 2063 1811 (c.
2077 1782 2105 1804 c.
2122 1774 2163 1806 60
2184 1773 2239 1805 vel
2254 1781 2282 1805 s.
2303 1781 2333 1805 c.

722 1828 761 1857 ΔΟ
776 1826 799 1856 l.
819 1826 858 1865 t.)
876 1826 909 1856 in
923 1825 967 1856 di.
987 1826 1168 1862 Tolosana,
1197 1825 1321 1864 pertin.
1353 1824 1395 1855 ad
1415 1825 1529 1856 collat.
1558 1825 1627 1865 ep.i
1649 1825 1823 1857 Tolosani.
1843 1843 1881 1848 —
1903 1826 1929 1857 Ι.
1953 1835 1982 1858 e.
2004 1835 2050 1858 m.
2079 1835 2156 1867 ep.o
2173 1827 2332 1868 Mirapis·

722 1879 828 1916 censi,
843 1882 876 1910 et
891 1879 1018 1910 archid.
1033 1879 1170 1914 Riven.,
1188 1887 1225 1909 ac
1243 1878 1371 1909 Busolo
1386 1878 1428 1910 de
1443 1878 1582 1916 Parma,
1601 1887 1674 1910 can.
1692 1879 1880 1911 Tornacen.
1904 1879 2000 1918 eccl„
2027 1880 2128 1921 Papae
2143 1881 2332 1922 capellano.

722 1934 775 1972 (A.
791 1936 843 1971 26,
862 1933 884 1964 f.
899 1934 959 1964 296
973 1938 1002 1969 a,
1026 1933 1061 1963 V.
1077 1933 1127 1970 82,
1146 1941 1199 1972 ep.
1214 1932 1302 1971 380.)

766 1984 904 2017 27048.
922 2004 958 2009 -
975 1986 1080 2027 Praep.
1096 1985 1303 2024 Lumberz‘m„
1323 1989 1351 2016 et
1367 1985 1486 2017 archid.
1502 1986 1627 2024 Riven.,
1646 1997 1682 2017 ac
1696 1997 1779 2028 may.
1797 1986 1911 2018 Busolo
1925 1987 1962 2018 de
1979 1988 2192 2026 flamm-can.
2215 1988 2337 2020 Torna-

721 2052 784 2072 cen.
803 2040 890 2078 eccl„
907 2041 1020 2072 mand.
1039 2049 1099 2080 pro
1120 2039 1312 2080 receptione
1329 2039 1423 2071 Petri
1440 2039 1480 2071 de
1497 2040 1652 2071 Laurens
1663 2040 1825 2081 junioris,
1843 2041 1924 2073 cler.
1941 2042 2196 2074 Lemovicensis
2220 2042 2280 2079 di.,
2297 2042 2333 2074 in

721 2105 793 2127 can.
811 2095 892 2126 eccl.
913 2094 1103 2130 Tolosanae,
1120 2093 1160 2126 Ο.
1175 2093 1210 2126 S.
1228 2094 1270 2125 A.
1286 2093 1336 2132 (A.
1359 2095 1408 2130 26,
1425 2093 1447 2124 f.
1465 2094 1524 2125 303
1542 2099 1569 2132 ·;
1593 2093 1629 2125 V.
1646 2095 1698 2132 82,
1718 2103 1770 2135 ep.
1787 2096 1874 2134 391.)

766 2146 904 2179 27049.
923 2166 960 2171 —
976 2148 1132 2179 Ludovico
1151 2146 1306 2188 quondam
1330 2146 1486 2189 Com-adi,¹
1504 2147 1578 2178 cler.
1604 2147 1833 2189 Her-bipolensi,
1853 2149 1963 2189 gratia
1980 2158 2075 2190 exsp.
2094 2149 2208 2181 benef.
2229 2149 2334 2183 ecole-

721 2203 852 2235 siastici
867 2212 894 2234 c.
911 2212 938 2233 c.
956 2202 1010 2233 vel
1027 2211 1053 2232 s.
1073 2211 1114 2237 c.,
1132 2201 1172 2232 ad
1189 2201 1307 2232 decani
1322 2202 1355 2233 et
1369 2201 1470 2241 capit.
1490 2202 1571 2233 eccl.
1591 2202 1884 2234 Novimonasterii
1905 2202 2164 2243 Herbipolensis
2179 2203 2334 2236 collatio-

721 2266 797 2289 nem
814 2256 1026 2297 pertinentis.
1041 2273 1080 2278 -
1091 2256 1130 2286 In
1144 2264 1172 2286 e.
1192 2264 1236 2286 m.
1250 2264 1326 2296 ep.0
1342 2255 1516 2291 Paduano,
1530 2257 1562 2287 et
1575 2255 1690 2287 abbati
1702 2257 1846 2287 monast.
1861 2265 1888 2287 s.
1905 2256 2092 2288 Burchardi
2107 2256 2331 2298 Herbipolen-

721 2312 781 2348 sis,
799 2314 836 2342 ac
851 2311 977 2342 decano
993 2310 1073 2341 eccl.
1094 2308 1469 2350 Aschaffenburgensis,
1481 2309 1668 2349 Maguntin.
1685 2310 1731 2341 di.
1748 2310 1802 2349 (A.
1816 2311 1868 2348 26,
1885 2310 1907 2342 f.
1923 2311 1984 2341 375
2000 2309 2031 2347 b,
2056 2309 2089 2341 V.
2103 2312 2155 2346 82,
2172 2319 2226 2351 ep.
2243 2312 2334 2352 5⁴3.)

764 2362 902 2395 27050.
919 2382 957 2387 -
974 2364 1092 2395 loanni
1105 2362 1261 2404 quondam
1285 2362 1450 2403 Wolframi
1463 2363 1499 2394 de
1520 2362 1709 2394 Attenderne
1725 2364 1834 2404 gratia
1849 2372 1945 2404 exsp.
1970 2364 2083 2396 benef.
2105 2364 2329 2397 ecclesiastici

719 2429 746 2451 s.
769 2429 796 2451 c.
819 2419 871 2450 vel
896 2428 922 2449 c.
946 2427 973 2449 c.
1000 2419 1051 2457 (15
1071 2417 1196 2449 march.
1216 2417 1373 2457 argenti),
1395 2417 1438 2448 ad
1455 2417 1671 2449 collationem
1690 2417 1809 2448 decani
1831 2418 1865 2464 et
1885 2417 1988 2458 capit.
2012 2418 2093 2449 eccl.
2112 2418 2329 2451 Coloniensis

718 2474 914 2513 spectantis,
933 2481 1000 2503 non
1018 2472 1105 2503 obst.
1127 2480 1244 2502 canon.
1266 2472 1298 2502 et
1317 2470 1430 2511 praeb..
1443 2471 1478 2501 in
1495 2471 1576 2502 eccl.
1598 2471 1824 2503 Melscheden.
1845 2470 1938 2510 (alias
1953 2470 2211 2513 Melsebeden.),
2233 2472 2329 2505 Colo-

717 2528 848 2559 niensis
864 2528 931 2563 di.,
952 2526 1087 2566 paroch.
1107 2527 1219 2557 autem
1235 2524 1414 2556 ecclesiam
1433 2524 1607 2563 velmede,
1624 2524 1722 2556 diotae
1739 2524 1799 2562 di.,
1817 2525 1979 2556 dimittat.
1995 2543 2033 2548 —
2048 2525 2088 2556 In
2103 2534 2132 2557 e.
2151 2534 2197 2558 m.
2215 2535 2243 2557 s.
2261 2527 2332 2558 An·

715 2583 803 2614 dreae
828 2580 1043 2613 Coloniensis
1074 2581 1106 2611 et
1131 2579 1338 2616 Bunnensis,
1360 2578 1576 2610 Coloniensis
1598 2578 1657 2616 di.,
1682 2578 1832 2616 decanis,
1858 2587 1897 2610 ac
1918 2579 2118 2610 Hermanno
2137 2579 2178 2611 de
2196 2579 2332 2621 -Praga,

714 2645 787 2676 cap.
805 2636 888 2671 PR,
908 2644 980 2666 can.
1000 2633 1183 2674 pragensis
1199 2633 1433 2664 ecclesiarum.
1454 2632 1507 2671 (A.
1527 2634 1579 2668 26,
1601 2633 1624 2663 f.
1641 2633 1701 2664 385
1718 2631 1749 2669 b,
1772 2632 1809 2664 V.
1827 2634 1879 2670 82,
1899 2641 1951 2673 ep.
1971 2633 2059 2674 568.)

760 2686 895 2719 27051.
915 2707 952 2711 -
969 2687 1096 2719 Alberto
1113 2686 1270 2728 quondam
1285 2685 1415 2717 Henrici
1430 2685 1466 2717 de
1481 2685 1644 2722 Karlstacl,
1665 2686 1770 2727 presb.
1795 2685 1996 2726 Herbipolen.
2017 2686 2076 2722 di.,
2099 2686 2208 2728 gratia
2227 2695 2323 2728 exsp.

714 2744 824 2775 benef.
846 2741 1067 2775 ecclesiastici
1083 2751 1112 2772 c.
1128 2750 1156 2772 c.
1174 2741 1225 2772 vel
1241 2749 1269 2772 S.
1286 2749 1313 2772 c.
1335 2741 1385 2779 (15
1403 2739 1527 2772 march.
1545 2740 1701 2781 argenti),
1720 2740 1761 2771 ad
1776 2740 1910 2772 abbatis
1927 2741 1960 2772 et
1975 2741 2161 2772 conventus
2178 2742 2326 2773 monast.

714 2807 742 2829 s.
759 2797 945 2830 Burchardi
963 2794 1237 2835 Herbipolensis,
1256 2794 1296 2827 O.
1318 2794 1350 2826 S.
1368 2795 1422 2831 Β.,
1446 2793 1711 2834 dispositionem
1731 2794 1928 2834 spectantis.
1945 2811 1983 2816 —
2001 2794 2039 2825 In
2056 2802 2084 2825 e.
2102 2803 2148 2825 m.
2165 2803 2241 2834 ep.o
2260 2794 2330 2826 Pa·

713 2853 836 2888 duano,
851 2853 884 2883 et
897 2849 1012 2882 abbati
1025 2849 1171 2880 monast.
1187 2858 1215 2879 s.
1230 2847 1393 2888 Stephani
1408 2847 1682 2887 HerbipolensiS‚
1696 2856 1734 2879 ac
1750 2848 1875 2879 decano
1888 2847 1969 2879 eccl.
1987 2847 2328 2888 Aschaffenburgen.,

713 2906 897 2945 Maguntin.
917 2904 962 2935 di.
984 2904 1035 2942 (A.
1050 2904 1102 2939 26,
1118 2902 1142 2934 f.
1165 2903 1223 2933 381
1242 2902 1269 2939 ¹³3
1293 2901 1330 2934 V.
1348 2902 1399 2937 82,
1420 2910 1473 2941 ep.
1491 2903 1579 2938 560.)

757 2956 893 2988 27052.
910 2975 948 2981 —
963 2957 1110 2994 Antonio,
1127 2957 1205 2988 nato
1221 2955 1387 2987 Manfredi
1403 2955 1444 2987 de
1467 2956 1597 2991 Baono,
1615 2955 1752 2987 collatio
1771 2955 1884 2987 benef.
1902 2955 2071 2995 simplicis
2089 2963 2116 2986 s.
2133 2964 2161 2987 c.
2179 2955 2233 2995 (12
2246 2955 2322 2986 flor.

711 3014 799 3052 auri)
818 3013 852 3043 in
869 3012 948 3044 eccl.
965 3020 1026 3043 seu
1042 3010 1141 3051 plebe
1158 3019 1185 3041 s.
1209 3010 1292 3041 Zeni
1309 3010 1350 3041 do
1372 3009 1513 3047 Rovico‚
1537 3009 1708 3041 Tervisin.
1727 3009 1786 3047 di.,
1811 3017 1871 3048 per
1894 3008 2026 3040 obitum
2041 3007 2135 3040 Petri
2152 3017 2178 3039 s.
2198 3007 2321 3049 Angeli

708 3067 794 3099 diac.
815 3067 904 3098 card.
922 3066 1012 3106 apud
1028 3066 1062 3098 S.
1081 3065 1122 3097 A.
1139 3063 1290 3096 defuncti
1310 3063 1474 3095 vacantis.
1503 3081 1541 3087 —
1558 3063 1596 3094 In
1620 3072 1648 3095 e.
1666 3072 1713 3094 m.
1736 3071 1764 3094 s.
1784 3062 1924 3102 Georgii
1940 3063 2013 3094 ets.
2032 3062 2191 3102 Gregorii
2207 3062 2323 3094 Vene-
