2540 3496
296 368 357 399 594

331 459 435 486 Datum
455 457 478 487 Α
488 454 637 487 cenibue.

373 773 413 801 23
425 773 482 807 jul.
506 772 589 802 1327.

377 820 407 854 (x
428 819 487 846 kal.
510 818 592 854 aug.)

446 880 481 909 Ut.
501 889 525 908 s.

439 1149 474 1176 Ut
491 1157 514 1176 s.

439 1310 474 1337 Ut
493 1319 517 1338 s.

437 1632 474 1660 Ut.
495 1640 519 1659 s.

379 1678 409 1704 T.
428 1678 487 1711 XII,
505 1678 575 1705 xlv.

362 2007 403 2036 24
418 2008 476 2042 jul.
494 2008 582 2036 1327.

368 2053 412 2088 (lx
429 2053 487 2080 kal.
505 2054 584 2088 aug.)

421 2098 452 2125 Τ.
469 2098 525 2126 XX.

358 2170 397 2197 25
415 2170 474 2204 jul.
497 2170 585 2197 1327.

351 2215 418 2249 (vm
440 2215 499 2242 kal.
515 2216 596 2250 aug.)

420 2260 450 2286 T.
474 2260 528 2287 M..

437 2333 470 2360 Ut
487 2341 510 2359 s.

420 2378 450 2404 Τ.
471 2378 526 2404 XX.

434 2493 469 2521 Ut
491 2502 514 2521 s.

346 2538 376 2565 T.
398 2538 480 2573 xxx,
496 2539 602 2567 xxxu.

436 2707 468 2735 Ut
489 2717 512 2735 s.

438 2976 466 3002 Ut
489 2984 512 3003 s.

708 365 882 395 JOANNIS
907 365 1025 395 PAPAE
1047 364 1149 396 XXII.
1172 366 1422 406 (1316-1334).
1447 385 1484 389 —
1508 367 1695 398 1.1TTERAE
1718 367 1945 400 COMMUNES

729 556 811 596 quin
834 557 875 588 de
898 557 963 588 nlia
989 565 1136 597 persona
1159 557 1281 589 idonea
1299 557 1409 590 eidem
1429 559 1652 598 monasterio,
1670 569 1731 600 per
1753 559 1881 592 obitum
1907 561 2012 593 Marci
2028 563 2231 595 Aventurati
2249 565 2341 606 apud

728 610 761 642 S.
775 610 815 641 A.
829 611 954 650 praevIa
967 613 1129 643 reservat.
1144 611 1297 643 omnium
1308 613 1595 644 monasteriorum
1609 613 1642 644 in
1654 613 1884 654 patriarchatu
1896 614 2064 647 Gradensi
2076 617 2340 650 consistentium

727 664 873 699 vacanti,
890 664 1077 704 provideat,
1096 673 1175 696 eum
1199 665 1389 705 praeficiens
1407 666 1440 697 in
1460 667 1624 706 priorem3
1640 675 1717 698 cum
1733 668 1925 700 cassatione
1942 668 2121 701 electionis
2140 672 2257 702 contra
2272 671 2341 703 dic-

726 719 795 749 tam
813 720 976 749 reservat.
995 719 1090 750 factae
1106 719 1222 750 favore
1242 719 1395 759 praedicti
1414 720 1548 751 Marini.
1565 720 1618 761 (A.
1634 722 1685 758 28,
1703 721 1725 752 f.
1743 722 1784 753 49
1797 726 1826 758 *ς
1853 721 1884 753 V.
1901 723 1952 760 8⁴,
1971 724 2144 763 ep.2415.)

771 769 910 801 29341.
930 790 968 795 —-
994 772 1110 803 Joanm·
1127 782 1198 813 ep.o
1216 772 1419 803 Ambianensi
1448 772 1619 806 absolutio
1648 783 1667 805 a
1694 775 1887 815 juramento
1915 775 2068 816 praestito
2085 777 2126 808 de
2156 777 2340 810 visitandis

727 826 960 865 apostolorum
977 825 1157 858 liminibus
1171 826 1270 858 annis
1285 826 1444 867 singulis.
1465 826 1516 865 (V.
1533 828 1586 864 84,
1606 837 1658 868 ep.
1675 828 1783 868 2417.)

772 876 909 908 29342.
926 898 964 903 -
981 879 1095 911 Eidem
1112 881 1315 921 prorogatur
1337 889 1446 920 usque
1470 881 1512 912 ad
1530 881 1676 921 primam
1695 881 1786 913 diem
1804 882 2074 923 quadragesimae
2089 883 2244 924 proxime
2258 893 2338 917 ven-

726 934 838 964 turam
850 933 1018 965 terminus
1031 933 1216 965 solutionis
1231 934 1426 966 medietatis
1436 935 1628 966 communis
1642 937 1675 967 et
1690 935 1845 967 consueti
1858 936 1991 968 servitii
2003 937 2236 970 cardinalibus
2246 938 2288 971 R.
2298 938 2338 971 E.

725 986 844 1022 debiti,
866 989 897 1018 et
921 986 1113 1019 absolvitur
1128 987 1202 1028 ipse
1221 987 1263 1019 ab
1279 996 1423 1024 excom„
1440 989 1666 1028 suspensione
1690 991 1723 1020 et
1745 991 1842 1021 reatu
1862 989 2004 1030 perjurii
2019 999 2105 1031 quas
2120 992 2153 1023 et
2171 1000 2273 1032 quem
2286 992 2339 1024 in·

725 1040 843 1077 currit,
858 1041 939 1081 quia
954 1041 1171 1081 praemissum
1183 1041 1363 1073 servitium
1374 1042 1502 1073 statuto
1517 1042 1676 1079 termino,
1688 1042 1821 1074 scilicet
1834 1043 1869 1074 in
1882 1043 1971 1076 festo
1984 1043 2185 1076 Nativitatis
2197 1045 2338 1079 Domini

724 1095 880 1134 proxime
903 1095 1087 1135 praeterit0‚
1107 1103 1174 1126 non
1192 1094 1305 1127 solvit.
1327 1094 1380 1136 (V.
1397 1096 1448 1130 84,
1468 1104 1521 1136 ep.
1538 1097 1645 1135 2418.)

769 1145 909 1178 29343.
925 1167 964 1172 -
982 1148 1099 1179 loanni
1121 1147 1346 1190 Rampnulphi,
1365 1149 1488 1181 rectori
1506 1149 1642 1189 paroch.
1664 1149 1745 1182 eccl.
1766 1158 1795 1181 s.
1815 1150 1954 1182 Patritii
1974 1151 2016 1183 de
2034 1151 2223 1192 Argentiis,
2241 1152 2336 1194 Βησ-

724 1211 796 1233 cen.
815 1202 873 1239 di.,
894 1202 1016 1234 indult.
1038 1203 1085 1239 ut,
1106 1202 1273 1234 insistens
1289 1202 1427 1234 scolast.
1450 1202 1658 1243 disciplinis,
1673 1212 1742 1235 non
1762 1205 1919 1236 teneatur
1936 1205 1979 1236 ad
1997 1205 2184 1237 triennium
2201 1205 2236 1238 in
2251 1205 2340 1239 dicta

723 1256 804 1287 eccl.
823 1256 1051 1295 personaliter
1070 1256 1231 1288 residere.
1252 1256 1307 1296 (V.
1323 1257 1375 1294 84,
1392 1265 1445 1297 ep.
1463 1258 1569 1296 2419.)

770 1307 904 1340 29344.
926 1327 965 1333 -
982 1309 1057 1341 Eid.
1078 1310 1267 1350 dispensat.
1284 1311 1321 1341 ut
1343 1310 1468 1342 dictam
1491 1310 1628 1351 paroch.
1645 1311 1726 1343 eccl.
1742 1320 1819 1343 cum
1835 1311 1966 1352 capella
1981 1313 2018 1344 B.
2034 1313 2080 1344 M.
2102 1312 2168 1344 eid.
2193 1321 2338 1352 annexa,

724 1363 791 1403 ipsi
810 1372 869 1403 per
885 1363 1042 1395 abbatem
1066 1365 1212 1396 monast.
1236 1364 1481 1396 Fiscannensis
1504 1364 1547 1396 ad
1565 1365 1606 1397 R.
1623 1365 1662 1396 Ε.
1682 1361 1776 1397 nullo
1801 1365 1915 1397 medio
1937 1365 2075 1406 pertin„
2094 1366 2132 1399 O.
2149 1366 2182 1398 S.
2200 1367 2254 1406 B.,
2270 1367 2358 1402 Ro·.

722 1416 914 1458 thomagen.
932 1418 992 1454 di.,
1009 1419 1087 1457 post
1105 1418 1235 1449 obitum
1253 1427 1342 1458 mag.
1358 1418 1451 1450 Petri
1467 1418 1509 1449 de
1526 1418 1677 1458 Stampis
1687 1418 1857 1456 collatam,
1872 1419 2019 1451 retinere
2035 1420 2158 1460 possit,
2170 1429 2239 1452 non
2249 1420 2338 1454 obst.

723 1471 813 1511 quod
831 1472 956 1503 virtute
972 1471 1160 1511 dispensat.
1179 1471 1288 1511 ejusd.
1310 1471 1454 1509 abbatiS,
1474 1472 1661 1503 asserentis
1679 1481 1783 1513 super
1803 1472 1866 1504 hoc
1889 1474 2094 1513 potestatem
2118 1473 2255 1513 habero,
2271 1474 2340 1507 loci

723 1525 914 1556 dioecesano
944 1526 1143 1566 denegante,
1176 1526 1212 1556 in
1239 1525 1353 1565 presb.
1374 1534 1440 1556 non
1467 1534 1504 1557 se
1533 1525 1651 1558 fecerit
1678 1527 1886 1567 promoveri,
1902 1520 1905 1524 ’
1919 1536 2023 1559 causa
2051 1528 2169 1560 studii.
2201 1528 2256 1568 (V.
2283 1526 2336 1569 81,

723 1587 775 1618 ep.
799 1581 906 1617 2420.)

767 1629 906 1661 29345.
922 1650 961 1655 -
978 1632 1151 1672 Νἰεοῖιιείο,
1169 1637 1243 1663 nato
1262 1632 1365 1674 quand
1380 1633 1539 1664 Marzucci
1556 1633 1593 1664 de
1610 1633 1754 1671 Ciuitate,
1768 1633 1882 1666 collat.
1902 1643 2021 1666 canon.
2037 1634 2102 1666 sub
2117 1644 2214 1677 exsp.
2232 1634 2338 1676 proeb.

723 1686 804 1717 eccl.
835 1686 869 1717 S.
885 1687 930 1718 M.
950 1687 1144 1722 Civitaten.‚
1163 1687 1366 1727 Aquilegen.
1386 1686 1451 1723 di.;
1469 1695 1536 1718 non
1562 1687 1649 1718 obst.
1668 1688 1759 1727 quod
1785 1687 1820 1718 in
1841 1688 1961 1719 eadem
1983 1688 2219 1730 echproprio
2242 1689 2338 1722 motu

722 1740 864 1779 capituli
882 1740 916 1771 in
936 1740 1133 1771 canonicum
1152 1741 1310 1780 receptus
1324 1741 1369 1772 sit
1385 1740 1448 1772 sub
1463 1749 1559 1781 exsp.
1580 1740 1696 1781 praeb.,
1714 1742 1747 1772 et
1763 1741 1916 1772 officium
1932 1741 2245 1774 archidiaconatum
2256 1743 2338 1775 Car-

723 1802 793 1825 neae
821 1794 1006 1834 vulgarIter
1030 1795 1262 1834 nuncupatum
1286 1803 1314 1824 c.
1334 1804 1361 1824 ο.
1383 1796 1483 1834 atque
1501 1794 1534 1825 in
1559 1803 1587 1826 s.
1603 1794 1698 1826 Petri
1713 1795 1754 1826 de
1776 1795 1908 1826 Carnea
1930 1804 2049 1828 canon.
2074 1797 2107 1827 et
2129 1795 2231 1836 praeb.
2251 1796 2339 1829 obti-

723 1850 816 1885 neat;
836 1849 988 1878 cassetur
1002 1857 1082 1878 vero
1098 1847 1187 1879 dicta
1205 1848 1354 1887 receptio
1372 1849 1405 1879 et
1421 1848 1701 1883 mansionariam,
1718 1857 1793 1888 quae
1818 1850 1870 1879 est
1887 1848 2036 1889 simplex
2051 1849 2216 1887 officium,
2231 1849 2338 1882 arohi-

721 1901 807 1932 diac.
830 1901 967 1932 Carneae
986 1901 1147 1932 dimittat.
1181 1919 1217 1924 —
1238 1902 1277 1932 In
1303 1910 1332 1932 e.
1357 1911 1402 1933 m.
1433 1901 1546 1932 abbati
1571 1902 1716 1933 monast.
1744 1902 1920 1938 Rosaten,
1948 1902 2190 1943 Aquilegensis
2219 1902 2279 1944 di.,
2305 1905 2338 1936 et

721 1955 847 1985 decano
865 1955 1079 1994 Aquilegen.,
1101 1964 1139 1986 ac
1154 1954 1300 1995 archipr.
1319 1955 1495 1986 Perusinae
1511 1955 1592 1986 eccl.
1610 1955 1662 1996 (A.
1679 1956 1730 1994 28,
1748 1955 1772 1986 f.
1783 1957 1823 1987 86
1841 1960 1869 1992 ⁸,·
1894 1955 1930 1988 V.
1949 1957 2002 1994 84,
2021 1961 2073 1996 ep.
2090 1956 2200 1998 2493.)

767 2005 903 2037 29346.
921 2027 956 2032 -
986 2009 1151 2049 Arckiep.o
1172 2009 1326 2040 Januensi
1349 2009 1448 2040 facul.
1468 2009 1655 2048 recipiendi
1681 2009 1846 2050 resignat.
1863 2018 1983 2041 canon.
2001 2010 2035 2041 et
2055 2009 2159 2050 praeb.
2182 2010 2262 2042 eccl.
2281 2011 2336 2043 Pi-

722 2071 811 2094 sanae
829 2062 870 2093 ab
887 2063 1033 2094 Hectore
1050 2063 1091 2093 de
1108 2063 1222 2094 Flisco
1240 2063 1428 2094 faciendam
1447 2063 1548 2103 atque
1568 2063 1636 2094 ista
1653 2062 1848 2094 conferendi
1865 2071 2018 2103 personae
2034 2063 2147 2095 eidem
2164 2064 2336 2105 archiep.o

721 2116 902 2153 benevisae‚
921 2116 1057 2147 etiamsi
1072 2118 1091 2147 2
1110 2116 1162 2147 vel
1179 2118 1196 2147 3
1215 2116 1326 2148 benef.
1344 2116 1507 2148 obtineat.
1526 2116 1578 2156 (Α.
1595 2117 1645 2156 28,
1663 2116 1685 2147 f.
1706 2117 1764 2148 194
1779 2122 1808 2153 ⁸;
1834 2116 1870 2148 V.
1885 2117 1937 2155 84,
1954 2125 2007 2158 ep.
2025 2117 2134 2157 2704.)

765 2167 902 2199 29347.
922 2189 959 2193 -
975 2170 1166 2200 patriarcha
1184 2169 1563 2211 Constantinopolitanae,
1579 2170 1758 2211 archiep.us
1775 2169 1952 2206 Patronem,
1975 2175 2004 2201 et
2020 2170 2140 2202 archid.
2157 2170 2333 2214 Niqropon·

721 2228 783 2253 ten.
801 2224 925 2255 dantur
955 2226 992 2255 ut
1013 2224 1146 2264 judices
1161 2226 1419 2255 conservatores
1448 2224 1490 2255 ad
1522 2223 1794 2264 quinquennium
1822 2224 1965 2255 Isnardo
1995 2224 2166 2265 archiep.o
2183 2224 2335 2258 Theban.

720 2277 771 2318 (A.
791 2279 841 2312 26,
862 2278 883 2309 f.
905 2279 962 2309 197
979 2283 1007 2314 ¹3
1031 2277 1063 2309 V.
1080 2279 1131 2316 83,
1149 2287 1202 2318 ep.
1220 2279 1326 2317 1897.)

767 2328 904 2360 29348.
922 2349 961 2354 —
977 2331 1118 2362 Jordano
1145 2331 1184 2362 el.
1204 2331 1334 2362 Bobien.
1353 2340 1446 2362 conc.
1469 2332 1505 2362 ut
1522 2328 1710 2363 consecrat.
1726 2339 1853 2363 munus
1876 2331 2027 2371 recipere
2044 2332 2156 2363 valeat
2174 2341 2194 2364 a
2212 2332 2336 2373 quovis

722 2385 880 2416 maluerit
901 2385 1067 2421 antistite,
1083 2386 1156 2416 sine
1181 2385 1379 2425 praejudicio
1395 2385 1484 2424 Juris
1507 2385 1751 2425 metropolitici
1776 2385 1948 2425 archiep.o
1963 2385 2128 2417 Januensi
2145 2387 2336 2427 competen-

720 2438 777 2470 tis.
798 2439 850 2476 (A.
865 2440 917 2475 27,
935 2439 956 2471 f.
975 2440 1036 2470 439
1053 2439 1082 2476 ι’;
1105 2439 1140 2471 V.
1157 2441 1208 2476 84,
1228 2448 1279 2479 ep.
1298 2438 1408 2478 2274.)

765 2489 903 2523 29349.
922 2511 959 2515 -
975 2492 1084 2530 Heliae,
1096 2493 1165 2526 abb.
1182 2498 1313 2524 monast.
1328 2503 1353 2524 s.
1375 2493 1480 2533 Seryii
1497 2498 1526 2523 et
1541 2492 1749 2534 Baclaijuoeta
1763 2492 1953 2533 Andeyavis,
1971 2492 2005 2524 0.
2023 2493 2060 2523 S.
2073 2492 2126 2531 B.,
2144 2493 2245 2525 facul.
2263 2493 2335 2526 exi-

720 2546 819 2586 gendi
842 2547 948 2578 semel
967 2548 1179 2578 moderatum
1197 2546 1392 2578 subsidium
1407 2547 1449 2577 ab
1465 2547 1625 2578 omnibus
1642 2547 1799 2587 personis
1813 2546 2030 2587 regularibus
2044 2546 2109 2578 eid.
2128 2547 2336 2579 monasterio

720 2599 896 2640 subjectis.
915 2617 954 2622 —
969 2601 995 2632 I.
1015 2610 1043 2632 e.
1062 2609 1106 2632 m.
1125 2601 1263 2637 decano,
1280 2603 1313 2632 et
1338 2600 1475 2641 Hugoni
1491 2601 1532 2632 de
1558 2600 1680 2641 Nayda
1702 2601 1804 2640 atque
1825 2601 2009 2640 Aymerico
2028 2600 2069 2631 de
2087 2599 2219 2639 Mauro,
2239 2609 2336 2634 cano-

720 2653 807 2684 nicis
825 2654 906 2685 eccl.
923 2654 1192 2694 Ande-gavensis.
1210 2655 1264 2694 (Α.
1280 2656 1330 2691 28,
1351 2655 1372 2686 f.
1390 2656 1408 2685 6
1424 2654 1453 2690 ¹³3
1477 2653 1510 2684 V.
1528 2655 1578 2689 8-4,
1595 2663 1648 2694 ep.
1667 2655 1774 2692 2322.)

766 2704 903 2738 29350.
923 2726 959 2730 -
978 2708 1099 2739 ,Ioanni
1117 2708 1258 2743 Cassani,
1280 2714 1353 2738 nato
1370 2707 1484 2749 quond.
1505 2707 1633 2738 Almimi
1649 2707 1686 2738 de
1700 2707 1895 2745 Frascarolo,
1915 2716 2009 2747 prov.
2025 2716 2143 2739 canon.
2155 2708 2219 2739 sub
2235 2716 2331 2749 exsp-

719 2760 823 2800 praeb.
842 2761 922 2792 eccl.
941 2771 969 2793 s.
986 2762 1162 2793 Laurentii
1186 2763 1226 2792 (le
1243 2762 1421 2802 Viqueria,
1444 2762 1633 2793 Terdonen.
1651 2761 1715 2797 di.;
1736 2770 1803 2793 non
1827 2761 1915 2792 obst.
1938 2761 1973 2792 in
1990 2761 2027 2792 B.
2045 2761 2091 2792 M.
2105 2761 2146 2792 de
2163 2761 2264 2793 Cario
2277 2769 2334 2793 ca-

721 2823 799 2846 non.
816 2817 849 2846 et
869 2815 984 2854 praeb.,
1001 2818 1032 2847 et
1050 2824 1077 2846 s.
1098 2816 1237 2846 Antonii
1259 2816 1398 2855 Pupien.
1418 2825 1455 2846 ac
1478 2824 1504 2845 s
1525 2815 1714 2853 Michaelis,
1733 2815 1832 2846 dictae
1854 2815 1913 2852 di.,
1933 2814 2089 2846 ecclesiis
2115 2814 2333 2846 clericatibus

720 2867 846 2899 modici
863 2869 1002 2900 valoris.
1020 2887 1058 2892 —-
1078 2870 1101 2900 Ι.
1121 2878 1149 2899 e.
1169 2878 1213 2900 m.
1230 2869 1342 2900 abbati
1362 2870 1507 2900 monast.
1529 2877 1556 2899 s.
1575 2869 1667 2900 Petri
1689 2869 1722 2899 in
1738 2868 1936 2900 Coelonureo
1951 2868 2106 2908 Papien.,
2125 2869 2158 2899 et
2173 2868 2331 2900 Parmen.

720 2930 757 2953 ac
772 2922 964 2953 'l'erdonen.
979 2923 1060 2954 eccl.
1079 2923 1284 2962 praepositis.
1306 2923 1358 2961 (A.
1375 2924 1425 2960 28,
1447 2922 1469 2953 f.
1491 2924 1548 2954 157
1564 2928 1592 2959 ει;
1616 2922 1651 2954 V.
1666 2923 1717 2959 84,
1737 2931 1790 2962 ep.
1807 2922 1914 2963 2623.)

765 2973 905 3005 29351.
923 2993 960 2999 --
987 2976 1169 3012 Guillermo,
1192 2982 1264 3007 nalo
1282 2976 1435 3017 quondam
1455 2976 1600 3008 Garrocii
1624 2975 1661 3006 de
1691 2975 1869 3013 Taconibus,
1887 2984 1983 3015 prov.
2004 2983 2122 3007 canon.
2144 2974 2208 3006 Sub
2233 2983 2330 3015 exsp.

720 3032 822 3071 praeb.
842 3033 923 3064 eccl.
941 3042 968 3064 S.
986 3033 1162 3065 Michaelis
1186 3033 1328 3073 maj01·is
1353 3032 1549 3073 Papienziffi
1569 3041 1636 3064 non
1661 3031 1747 3064 obst.
1767 3032 1802 3063 in
1818 3031 1899 3063 eccl.
1915 3031 1948 3063 S.
1969 3031 2014 3063 M.
2027 3031 2134 3082 Novae
2153 3029 2330 3070 papiensis
