2540 3496
202 427 304 454 natum
327 417 512 453 Avenione.

208 526 331 564 7(11011.)
347 529 400 554 oct.
417 525 506 553 1326.

302 572 333 599 Τ.
356 570 412 598 XX.

185 635 204 663 8
220 636 286 668 (vm
302 633 354 667 id.)
370 636 423 660 oct.
442 631 530 659 4326.

230 709 232 711 ¹
256 679 286 706 T.
308 678 367 711 XII,
384 677 453 704 XIV.

318 953 353 980 Ut
372 961 395 979 s.

305 998 335 1025 T.
357 998 413 1024 XX.

321 1702 355 1729 L't
371 1710 394 1728 s.

262 1746 293 1773 T.
315 1746 360 1780 xl,
378 1746 450 1773 XIII.

319 2022 355 2050 Ut
373 2030 396 2049 s.

265 2067 295 2094 T.
314 2067 360 2099 XI,
377 2067 448 2094 XIII.

319 2182 355 2211 Ut
373 2191 397 2210 s.

213 2228 244 2256 T.
260 2228 296 2255 x1
314 2230 360 2262 ηε,
382 2227 443 2256 x111
460 2227 505 2263 ¹12.

322 2556 358 2583 Ut
374 2564 396 2583 s.

262 2601 294 2628 ’1.
315 2602 361 2637 xi,
382 2601 452 2628 xui.

325 2770 359 2797 Ut
373 2779 396 2797 s.

263 2814 295 2842 T.
315 2814 374 2847 XII,
388 2814 458 2841 XIV.

569 331 742 362 JOANNIS
766 331 884 362 PAPAE
906 331 1008 361 XXII.
1032 330 1280 370 (1316-1334).
1303 349 1341 352 —
1365 330 1550 359 LITTERAE
1573 329 1797 361 COMMUNES
2136 335 2212 365 335,

645 518 773 549 26706
805 538 842 542 —-
860 520 971 550 Eidem
988 520 1089 551 facul.
1104 520 1308 551 concedendi
1323 520 1566 551 tabellionatus
1582 521 1637 552 off.
1655 531 1677 551 11
1695 522 1862 561 personis.
1881 522 1931 560 (A.
1954 524 2005 560 26,
2026 523 2047 554 f.
2066 525 2124 556 159
2140 527 2197 556 ¹et

599 574 658 604 455
675 573 704 609 b:
727 573 762 603 V.
780 575 828 609 82,
845 582 897 611 ep.
918 575 1021 611 1025.)

645 624 782 654 26707.
809 643 846 648 -
872 625 1004 656 Geraldo
1028 626 1064 656 de
1091 626 1264 665 Campmul‚
1284 627 1412 657 cantori
1434 628 1465 656 et
1488 635 1560 657 can.
1583 628 1662 657 eccl.
1684 628 1903 665 Parisiensis,
1925 629 2037 669 legum
2055 631 2197 669 doctori,

600 680 701 718 Papae
718 679 892 718 capellano
909 680 941 709 et
957 679 1076 713 famil.‚
1093 679 1263 709 indultum
1279 681 1315 710 ut
1328 680 1456 710 fructus
1474 681 1701 711 cantoriarum
1718 690 1802 721 quas
1819 682 1853 713 in
1870 683 2035 715 Parisien.
2052 686 2085 715 et
2100 685 2198 716 Lum-

599 732 741 768 berien.‚
756 734 788 763 et
806 741 924 762 canon.
945 741 982 762 ac
998 732 1114 771 presb„
1135 741 1219 771 quas
1236 732 1270 762 in
1287 733 1385 768 eisd„
1403 742 1440 763 ac
1456 733 1632 764 Caturcen.
1653 735 1685 764 et
1698 735 1738 765 de
1756 735 1935 774 Gapdroto,
1954 737 2119 768 Sarlaten.
2137 738 2198 776 di.,

599 786 755 818 ecclesiis
773 784 913 822 obtinet,
931 785 965 820 in
983 785 1099 824 aliqua
1115 785 1280 815 dictarum
1294 785 1374 816 eccl.
1393 786 1572 816 residendo
1587 787 1715 826 integre
1729 788 1901 828 percipere
1916 791 2026 829 possit
2041 791 2082 821 ad
2096 791 2198 822 trien-

599 840 705 870 nium.
729 855 766 860 —
787 839 814 869 Ι.
837 847 866 868 e.
889 847 934 868 m.
955 838 1126 877 archiep.o
1149 838 1330 874 Tolosano,
1349 840 1381 869 et
1402 839 1567 870 Parisien.
1587 849 1624 870 ac
1640 849 1666 870 s.
1688 841 1801 872 Pontii
1825 841 2082 874 Thomeriarum
2100 845 2197 884 ep.is.

599 893 654 933 (A.
668 894 719 929 26,
736 892 759 922 f.
776 893 834 922 122
849 890 879 926 ¹³3
904 891 938 921 V.
958 892 1009 927 82,
1027 899 1079 929 ep.
1098 890 1166 929 48.)

645 942 781 974 26708.
800 962 838 967 -
856 943 1031 975 Bererando
1047 953 1071 974 s.
1089 943 1232 974 Marcelli
1243 944 1345 984 presb.
1363 943 1461 982 card„
1478 944 1517 975 A.
1533 945 1568 975 S.
1584 945 1696 986 Ιεραιο,
1713 947 1825 977 mand.
1843 949 1879 979 ut
1893 948 2033 987 justitiae
2051 951 2198 990 comple-

599 1001 750 1030 mentum
770 998 928 1029 exhibeat
955 997 1154 1033 Franciscae,
1171 999 1257 1028 natae
1274 998 1444 1036 quondam
1463 997 1594 1029 Alberti
1611 999 1701 1030 Scoti
1720 1008 1757 1030 ac
1775 1000 1899 1032 relictae
1916 1003 2039 1041 quond.
2056 1003 2197 1035 Gerardi

599 1053 741 1092 Claponi
764 1051 890 1083 civium
917 1051 1119 1088 Placentin.,
1139 1051 1248 1081 viduae
1267 1051 1483 1087 Placentinae,
1502 1060 1603 1090 super
1630 1061 1668 1083 eo
1691 1053 1780 1092 quod
1798 1062 1874 1084 cum
1890 1055 1971 1086 olim
1989 1056 2142 1088 Galeatio
2158 1058 2198 1089 de

599 1105 868 1138 vicecomitibus
884 1104 924 1135 de
941 1104 1146 1141 Mediolano,
1163 1104 1203 1134 de
1219 1104 1339 1135 haeresi
1358 1104 1593 1140 condemnato,
1608 1105 1736 1136 civitati
1754 1107 1786 1137 et
1804 1106 1974 1139 districtui
1988 1109 2194 1142 Placentinis

599 1169 660 1200 per
675 1158 932 1199 oppressionem
950 1158 1165 1197 tyrannicam
1183 1157 1391 1194 dominante,
1405 1157 1517 1188 dictus
1534 1158 1695 1189 Albertus
1711 1167 1777 1189 una
1794 1168 1870 1191 cum
1887 1162 2061 1193 nonnullis
2076 1163 2197 1195 nobili-

599 1213 653 1244 lus
668 1212 878 1244 Placentinis
895 1220 955 1251 per
968 1212 1085 1250 gentes
1110 1211 1220 1250 ipsius
1237 1210 1382 1242 Galeatii
1398 1212 1517 1250 captus
1535 1212 1568 1242 et
1583 1212 1811 1243 Mediolanum
1829 1213 1962 1252 ductus,
1976 1224 2013 1246 ac
2035 1216 2197 1249 Antonio-

599 1267 666 1303 lus,
686 1266 839 1307 ejusdem
863 1265 1053 1297 Franciscae
1073 1267 1183 1300 natus.
1205 1266 1283 1295 tunc
1307 1265 1341 1295 in
1365 1269 1415 1294 111ο
1438 1264 1492 1296 vel
1512 1269 1558 1295 1v⁰
1577 1266 1685 1296 aetatis
1707 1274 1776 1297 suae
1799 1275 1885 1298 anno
1905 1269 2121 1307 constitutus,
2140 1279 2199 1310 per

599 1321 736 1352 easdem
761 1321 878 1360 gentes
899 1319 1081 1350 Placentiae
1103 1320 1222 1358 captus
1243 1320 1275 1349 et
1297 1318 1453 1349 detentus
1474 1318 1606 1356 fuisset,
1629 1321 1662 1350 et
1684 1319 1804 1351 deinde
1826 1320 1902 1360 ipsa
1923 1322 2102 1354 Francisca
2122 1333 2198 1355 cum

601 1374 719 1405 eodem
746 1373 941 1410 Antoniolo,
966 1381 982 1403 e
1010 1371 1169 1403 manibus
1188 1371 1427 1411 praedictarum
1451 1371 1603 1411 gentium
1627 1372 1782 1410 liberato,
1805 1375 2074 1412 persecutionem
2090 1377 2196 1416 ejusd.

602 1427 749 1459 Galeatii
766 1426 912 1466 fugiens,
926 1426 968 1457 ad
981 1427 1130 1457 castrum
1142 1426 1345 1465 Arquatum‚
1362 1425 1568 1456 Placentinae
1580 1426 1640 1461 di.,
1656 1427 1735 1456 tunc
1749 1426 1815 1458 eid.
1830 1427 1983 1459 Galeatio
1994 1430 2199 1461 contrarium

601 1483 633 1513 et
650 1481 788 1518 rebelle,
805 1488 841 1511 se
858 1479 1106 1514 transtulisset,
1125 1480 1242 1519 gentes
1261 1478 1428 1518 praedictae
1448 1488 1484 1509 ac
1505 1478 1562 1509 alii
1583 1479 1672 1510 dicto
1690 1479 1842 1511 Galeatio
1861 1480 2068 1513 adhaerentes
2082 1483 2200 1515 domos

601 1535 791 1566 Franciscae
806 1535 839 1565 et
855 1533 1030 1565 Antonioli
1044 1533 1276 1572 praefatorum,
1291 1541 1376 1572 quas
1391 1531 1560 1563 habebant
1577 1532 1612 1562 in
1629 1532 1766 1564 civitate
1782 1534 1954 1572 praedicta,
1969 1535 2145 1567 diruerunt
2163 1545 2200 1567 ac

601 1588 765 1620 nonnulla
788 1587 861 1627 eJus
881 1587 971 1618 bona
999 1587 1217 1626 occuparunt,
1235 1586 1377 1625 ipsaque
1405 1586 1566 1625 occupata
1588 1586 1751 1617 detinent.
1777 1587 1830 1626 (A.
1848 1588 1900 1623 26,
1919 1587 1942 1618 f.
1964 1589 2021 1618 124
2043 1594 2072 1626 ²3
2096 1588 2129 1620 V.
2146 1591 2200 1628 82,

600 1651 654 1682 ep.
672 1643 737 1680 53.)

645 1692 782 1726 26709.
805 1712 845 1718 -
870 1694 1005 1735 Aymoni
1022 1693 1058 1724 de
1081 1693 1203 1731 Balma,
1222 1701 1315 1724 mon.
1333 1693 1532 1723 monasterii
1552 1692 1592 1724 de
1607 1693 1783 1733 Gigniaco,
1799 1694 1870 1725 ord.
1889 1695 2095 1733 Cluniacen„
2116 1697 2201 1737 Lug-

601 1749 724 1780 dunen.
742 1750 801 1785 di.,
819 1749 928 1789 gratia
942 1757 1040 1788 exsp.
1056 1748 1240 1788 prioratus,
1258 1746 1311 1777 vel
1327 1746 1522 1783 decanatus,
1539 1755 1599 1777 seu
1615 1746 1720 1787 dign„
1737 1749 1793 1778 aut
1807 1750 2009 1787 personatus
2026 1757 2085 1780 seu
2098 1750 2203 1781 admi-

600 1803 713 1838 nistr.,
729 1802 783 1833 vel
800 1802 854 1833 off.
873 1801 945 1833 sive
960 1801 1072 1832 benef.
1092 1810 1120 1831 c.
1139 1809 1168 1831 c.
1188 1802 1239 1831 vel
1257 1809 1285 1831 s.
1304 1809 1345 1839 c.,
1370 1800 1493 1839 pertin.
1512 1800 1554 1831 ad
1570 1800 1682 1831 collat.
1707 1801 1834 1840 prioris
1850 1803 1883 1832 et
1898 1811 1994 1833 conV.
2010 1802 2117 1843 ejusd.
2135 1813 2205 1835 mo-

601 1856 754 1893 nasterii,
782 1865 842 1895 per
863 1855 1011 1895 priorem
1034 1854 1128 1886 soliti
1152 1853 1229 1894 gub.
1249 1855 1281 1885 et
1301 1853 1412 1893 ipsius
1432 1854 1576 1884 monast.
1596 1854 1773 1885 monachis
1791 1854 1960 1895 assignari
1983 1856 2147 1888 consueti.
2163 1874 2203 1879 —

601 1910 628 1942 Ι.
651 1919 680 1941 e.
707 1919 752 1940 m.
773 1909 971 1941 Cabilonen.
991 1910 1024 1940 et
1041 1910 1227 1940 Benascen.
1248 1907 1392 1938 Ilerden.
1412 1906 1586 1944 archid.iS,
1603 1916 1641 1938 ac
1657 1907 1808 1939 sacristae
1826 1908 1939 1939 saecul.
1958 1917 1986 1940 s.
2003 1909 2103 1941 Pauli
2119 1911 2202 1951 Lug-

601 1964 768 1995 dunensis
783 1963 863 1994 eccl.
883 1962 935 2002 (Α.
949 1964 999 2000 26,
1020 1962 1041 1994 f.
1058 1963 1117 1993 153
1132 1961 1164 1997 b;
1190 1961 1222 1992 V.
1238 1962 1289 1997 82,
1304 1969 1356 2000 ep.
1374 1961 1457 1999 152.)

647 2014 786 2046 26710.
802 2034 840 2039 -
856 2016 974 2047 Joanm·
996 2015 1033 2045 de
1058 2014 1171 2046 Balma
1198 2014 1350 2054 provisio
1368 2022 1486 2046 canon.
1506 2014 1657 2045 ecclesiae
1683 2014 1872 2046 Bisuntinae
1891 2015 1954 2046 sub
1970 2024 2064 2056 exsp.
2084 2017 2202 2057 praeb.‚

602 2071 706 2111 dign..
726 2070 779 2101 vel
797 2071 998 2109 personatus
1012 2071 1069 2100 aut
1086 2069 1140 2100 off.
1159 2078 1186 2099 c.
1205 2077 1233 2099 c.
1248 2068 1301 2098 vel
1315 2076 1342 2098 s.
1361 2076 1388 2098 c.
1398 2076 1407 2105 ;
1425 2076 1489 2099 non
1506 2067 1594 2098 obst.
1610 2068 1746 2108 paroch.
1765 2068 1846 2099 eccl.
1862 2068 1902 2100 de
1919 2069 2075 2109 Dompna
2091 2071 2203 2109 Petra,

602 2124 775 2156 Bisuntin.
790 2122 848 2160 di.,
864 2131 966 2163 quam
984 2123 1155 2153 dimittere
1171 2123 1316 2153 tenetur.
1335 2139 1372 2144 —-
1387 2121 1413 2152 Ι.
1429 2130 1458 2152 e.
1471 2129 1516 2152 m.
1533 2122 1570 2152 ut
1588 2130 1616 2151 s.
1634 2121 1687 2160 (A.
1704 2123 1753 2159 26,
1772 2122 1795 2153 f.
1814 2123 1872 2153 154
1888 2122 1917 2159 ¹³3
1937 2122 1972 2154 V.
1985 2124 2034 2158 82,
2050 2133 2101 2163 ep.
2121 2125 2202 2163 153.)

648 2175 787 2207 26711.
805 2194 844 2199 -
862 2175 1023 2207 Bernardo
1036 2175 1169 2216 Seqerii,
1190 2184 1279 2206 mon.
1300 2174 1499 2206 monasterii
1515 2174 1687 2213 erassem,
1708 2175 1746 2207 O.
1762 2175 1795 2207 S.
1814 2176 1866 2212 B„
1883 2176 2124 2208 Carcassonen.
2141 2178 2204 2216 di.,

603 2231 712 2272 gratia
730 2239 826 2270 exsp.
845 2230 1031 2270 prioratus,
1050 2229 1293 2269 praepositurae,
1319 2229 1373 2259 off.
1396 2229 1453 2259 aut
1470 2228 1581 2259 benef.
1599 2237 1627 2259 c.
1655 2237 1682 2259 c.
1701 2229 1754 2260 vel
1773 2237 1801 2259 s.
1823 2238 1864 2267 c.,
1889 2231 2042 2261 consueti
2062 2231 2115 2262 vel
2129 2240 2205 2263 con-

604 2286 709 2316 suetae
727 2293 786 2324 per
804 2293 894 2315 mon.
913 2284 1021 2323 ejusd.
1038 2283 1239 2314 monasterii
1253 2281 1344 2322 gub„
1361 2283 1393 2313 et
1408 2281 1450 2312 ad
1463 2281 1573 2321 ipsius
1588 2281 1721 2313 abbatis
1736 2283 1769 2314 et
1784 2291 1879 2314 conv.
1900 2283 2112 2315 collationem
2129 2292 2201 2324 per-

602 2338 684 2375 tin.,·
705 2347 781 2369 cum
799 2337 1004 2377 obligatione
1021 2336 1214 2367 dimittendi
1231 2335 1402 2375 quoddam
1419 2335 1590 2366 modicum
1607 2334 1718 2367 benef.
1744 2336 1957 2367 refectoriam
1975 2340 2203 2377 nuncupatum

603 2392 638 2423 in
655 2391 728 2423 eod.
759 2390 978 2427 monasterio,
1004 2390 1094 2430 quod
1113 2398 1155 2420 ex
1171 2389 1366 2420 commenda
1383 2388 1463 2420 dicti
1480 2387 1626 2426 abbatis,
1646 2389 1749 2420 etiam
1765 2398 1825 2429 per
1840 2389 1974 2430 aliquas
1989 2390 2121 2422 litteras
2136 2391 2203 2430 ipsi

604 2454 671 2477 non
693 2445 793 2482 facta,
818 2444 959 2476 obtinet.
978 2462 1016 2467 —
1035 2444 1060 2474 Ι.
1084 2452 1112 2474 e.
1131 2452 1175 2474 m.
1198 2443 1324 2474 decano
1341 2451 1369 2473 s.
1388 2442 1550 2482 Stephani
1576 2442 1617 2473 de
1639 2443 1792 2474 Tescone
1809 2443 2060 2479 Montisalban.‚
2078 2446 2110 2475 ct
2127 2444 2204 2476 Car-

604 2498 821 2531 cassonensis
837 2507 875 2529 ac
890 2497 1095 2538 Agathensis
1109 2496 1265 2528 sacristis
1281 2496 1363 2527 eccl.
1383 2496 1436 2535 (A.
1449 2497 1500 2534 26,
1520 2495 1543 2526 f.
1561 2497 1600 2527 92
1619 2501 1648 2532 ὃ,
1670 2495 1705 2527 V.
1725 2497 1775 2534 82,
1795 2505 1847 2536 ep.
1869 2496 1952 2536 165.)

649 2549 785 2581 26712.
802 2570 839 2575 -
852 2551 1009 2592 Stephano
1033 2556 1105 2581 nato
1125 2549 1279 2591 quondam
1294 2549 1382 2580 Petri
1398 2549 1434 2580 de
1450 2559 1474 2580 s.
1493 2549 1581 2581 Jorio
1600 2549 1752 2589 provisio
1772 2558 1890 2581 canon.
1907 2549 1970 2581 sub
1987 2559 2083 2590 exsp.
2098 2551 2201 2590 praeb.

603 2606 684 2637 eccl.
709 2605 951 2637 Lausanensis.
974 2621 1014 2627 —
1036 2605 1062 2635 Ι.
1080 2613 1108 2635 e.
1129 2612 1174 2635 m.
1193 2603 1299 2643 priori
1320 2612 1349 2635 s.
1367 2602 1529 2640 Victoris,
1547 2604 1580 2634 et
1596 2603 1785 2634 Guillermo
1808 2603 1848 2634 de
1867 2604 1984 2640 Cruce,
2008 2603 2200 2635 Gebennen.

604 2660 664 2697 di.,
690 2668 726 2690 ac
752 2667 841 2699 mag.
870 2658 1006 2690 Aimoni
1034 2658 1074 2689 de
1099 2658 1305 2694 Jovenzano,
1330 2657 1519 2696 Augusten.
1549 2665 1622 2687 can.
1647 2656 1727 2687 eccl.
1750 2656 1801 2694 (A.
1829 2657 1880 2694 26,
1904 2656 1926 2687 f.
1950 2657 2009 2686 228
2033 2661 2062 2692 ¹;
2087 2656 2122 2687 V.
2149 2657 2199 2694 82,

604 2722 657 2753 ep.
674 2714 759 2751 252.)

652 2763 789 2796 26713.
809 2784 848 2789 -
870 2764 1014 2796 Arnaldo
1031 2764 1166 2806 Squerdz'
1181 2764 1318 2796 collatio
1335 2773 1453 2795 canon.
1473 2763 1537 2795 sub
1552 2772 1647 2803 exsp.
1667 2762 1784 2803 praeb.,
1801 2772 1838 2794 ac
1855 2763 1959 2803 dign„
1977 2763 2030 2794 vel
2045 2771 2202 2802 persona-

604 2822 674 2858 tus,
691 2829 751 2851 seu
767 2820 821 2851 off.
839 2821 896 2851 aut
914 2819 1146 2859 praepositurae
1164 2818 1236 2849 sive
1249 2818 1411 2848 mensatae
1428 2826 1456 2848 c.
1472 2826 1498 2848 c.
1515 2817 1567 2848 vel
1587 2825 1613 2847 s.
1632 2825 1659 2847 c.
1677 2817 1709 2847 et
1722 2815 2011 2855 capellaninorum
2029 2824 2088 2846 seu
2102 2824 2201 2855 praes·

603 2874 826 2906 timoniorum
841 2873 922 2904 eccl.
941 2872 1117 2908 Elnensis3
1134 2871 1268 2911 paroch.
1285 2873 1397 2902 autem
1411 2870 1491 2901 eccl.
1509 2869 1540 2901 b.
1556 2869 1698 2901 Eulaliae
1709 2869 1901 2908 Majoricen.
1920 2868 2089 2900 dimittere
2108 2870 2199 2900 tene-

603 2929 670 2958 tur.
686 2944 725 2950 -—
741 2927 768 2958 I.
792 2935 822 2958 c.
841 2935 886 2957 m.
905 2935 980 2965 ep.o
998 2925 1226 2965 Maj0ricensi‚
1243 2926 1276 2955 et
1295 2924 1335 2955 de
1352 2923 1536 2963 Rivopullo
1554 2932 1592 2954 ac
1611 2931 1638 2953 s.
1657 2922 1750 2953 Petri
1764 2922 1804 2952 de
1821 2922 2019 2959 Bisulduno,
2037 2922 2152 2953 Vicen.
2168 2924 2200 2954 et

604 2980 838 3012 Gerundensis
853 2980 912 3015 di.,
928 2980 1073 3010 monast.
1091 2977 1281 3009 abbatibus.
1303 2978 1355 3016 (A.
1369 2979 1420 3014 26,
1439 2977 1461 3007 f.
1476 2977 1535 3008 355
1554 2976 1567 2997 ¹³
1585 2978 1616 3007 et
1631 2977 1690 3007 362
1710 2980 1734 3013 ⁸,
1753 2976 1809 3007 361
1829 2980 1857 3010 ⁸3
1880 2974 1913 3005 V.
1927 2976 1977 3010 82,
1992 2983 2045 3014 ep.
2063 2975 2149 3023 522.)
