2540 3496
247 427 353 455 Datum
371 420 555 455 Avenione.

287 531 327 560 30
343 537 406 566 apr.
426 527 516 557 1327.

287 578 323 611 (11
342 574 402 603 kal.
423 572 521 607 maii.)

305 621 336 649 T.
359 619 406 652 XI,
427 618 500 648 XIII.

367 746 403 774 Ut
423 753 447 772 s.

311 790 342 818 T.
359 790 405 824 XI,
424 789 495 817 XIII.

366 959 399 986 Ut
416 967 440 986 s.

338 1003 369 1031 T.
391 1003 472 1030 XXX.

360 1229 396 1258 Ut
417 1238 441 1257 s.

308 1275 339 1302 T.
358 1275 404 1309 XI,
413 1274 491 1314 XIII.

251 1499 265 1525 ι
280 1498 365 1534 (kal.)
379 1498 448 1525 maa·
463 1496 552 1524 1327.

360 1605 397 1633 Ut
415 1613 440 1632 s.

326 1650 358 1677 T.
379 1649 475 1678 XXIV.

360 1766 397 1794 Ut
416 1775 440 1793 s.

334 1811 366 1838 T.
387 1811 468 1838 XXX.

366 1979 401 2008 Ut
422 1988 445 2007 s.

326 2025 358 2052 T.
379 2025 473 2052 xxiv.

364 2141 399 2169 Ut
417 2150 440 2168 s.

309 2186 342 2214 Τ.
356 2186 402 2219 XI,
420 2186 492 2216 XIII.

362 2409 397 2437 Ut
417 2418 441 2437 s.

308 2453 340 2481 T.
360 2454 406 2488 XI,
422 2454 495 2483 XIII.

365 2624 398 2651 [t
415 2632 438 2650 s.

300 2668 332 2696 Τ.
347 2668 403 2702 XX,
421 2668 504 2696 XVII.

624 332 798 364 JOANNIS
822 332 940 363 PAPAE
962 331 1065 362 XXII.
1089 331 1339 372 (1316-1334).
1361 349 1400 354 -
1422 329 1610 361 LITTERAE
1632 328 1859 360 COMMUNES
2198 333 2260 362 519

696 521 831 553 28564.
857 541 895 545 -
915 524 1043 560 Joanm',
1064 528 1137 554 nato
1156 522 1320 554 Thomaxii
1337 522 1452 564 quond.
1474 522 1622 553 Thebaidi
1637 521 1675 553 de
1691 521 1884 563 Capitaneis,
1904 521 2040 554 collatio
2058 530 2176 554 canon.
2197 522 2261 554 sub

650 586 746 618 exsp.
765 577 868 618 praeb.
887 577 967 608 eccl.
985 586 1014 608 s.
1031 577 1125 609 Petri
1138 578 1178 608 de
1194 577 1325 615 Scalve,
1347 576 1547 617 pergamen.
1567 576 1615 608 di.
1632 594 1672 599 —-
1686 576 1714 607 Ι.
1732 585 1761 607 6.
1781 585 1826 608 m.
1845 575 1961 607 abbati
1977 577 2123 607 monast.
2143 576 2183 607 de
2200 578 2262 607 As-

649 631 722 663 tino
738 640 844 672 prope
861 632 1078 671 Pergamum,
1101 633 1135 662 et
1155 640 1243 671 mag.
1267 631 1368 662 Petro
1388 631 1428 662 de
1442 630 1594 668 Verulis,
1611 629 1822 666 Cracovien.‚
1842 638 1880 661 ac
1897 630 2020 662 Joanni
2041 630 2082 662 (16
2099 630 2260 667 Asonica.

649 685 850 725 Pergamon.
865 685 1050 727 canonicis.
1067 684 1118 725 (A.
1134 686 1184 722 27,
1203 685 1225 716 f.
1244 685 1304 717 462
1324 689 1352 722 ²3
1374 683 1407 714 V.
1424 684 1477 721 84,
1495 692 1548 724 ep.
1564 684 1670 722 2289.)

694 735 833 768 28565.
850 756 889 761 --
900 739 995 770 Petro
1008 730 1045 770 de
1058 738 1174 770 Sancto
1187 738 1350 774 Maurilio,
1361 737 1434 769 cler.
1453 736 1619 768 Caturcen.
1635 737 1692 774 di.‚
1705 737 1814 777 gratia
1830 746 1926 777 exsp.
1942 737 2053 769 benef.
2069 738 2258 770 ecclesiast.

650 794 691 831 (c.
711 801 739 824 c.
760 794 799 825 70
814 793 868 824 vel
885 801 912 823 s.
930 802 958 823 c.
978 794 1018 824 40
1037 792 1059 823 l.
1078 793 1117 831 t.)
1132 792 1167 823 in
1182 788 1275 823 civit.
1291 791 1346 823 vel
1363 791 1408 823 di.
1427 792 1601 832 Agennen.
1616 791 1704 822 —In
1718 800 1747 823 e.
1767 799 1813 822 m.
1830 790 1944 823 abbati
1961 793 2108 823 monast.
2126 801 2154 823 s.
2171 792 2261 824 Mar-

650 846 727 878 celli
747 846 939 884 Caturcen.,
960 848 993 878 et
1010 846 1116 886 priori
1136 846 1177 877 de
1193 845 1384 885 Guartigia,
1405 846 1581 885 Agennen.
1600 844 1659 881 di.‚
1680 853 1718 876 ac
1741 844 1942 885 praecentori
1963 845 2044 877 eccl.
2064 846 2262 877 Autisiodo-

649 900 773 932 rensis.
790 899 844 940 (A.
862 901 913 938 28,
934 900 956 931 f.
973 901 992 931 9
1004 905 1032 937 ⁸;
1057 899 1089 930 V.
1106 900 1157 936 84,
1171 907 1224 938 ep.
1243 900 1350 938 2335.)

694 950 831 983 28566.
851 971 889 976 -
913 952 1075 985 Willermo
1097 962 1167 994 ep.o
1186 952 1380 983 Norwicensi
1399 952 1544 983 facultas
1567 951 1708 983 uniendi
1731 951 1869 992 paroch.
1891 952 1971 983 eccl.
1994 952 2034 984 de
2058 953 2262 993 Tadyngton

650 1016 727 1039 cum
746 1007 874 1047 capella
891 1007 931 1039 de
948 1006 1121 1039 Brundish
1139 1006 1180 1037 ab
1197 1006 1237 1037 ea
1253 1006 1477 1046 dependente,
1494 1005 1728 1038 Norwicensis
1749 1005 1808 1041 di.‚
1828 1014 1955 1038 mensae
1973 1006 2160 1047 episcopali
2178 1007 2260 1039 Rof-

650 1061 750 1098 fensi‚
768 1070 845 1092 cum
862 1070 960 1101 ep.us
975 1060 1161 1097 Roffensis‚
1179 1060 1238 1100 qui
1254 1060 1289 1090 in
1305 1059 1394 1091 dicta
1409 1059 1488 1091 eccl.
1501 1059 1558 1099 jus
1571 1059 1673 1091 habet
1688 1060 1901 1099 patronatus,
1916 1061 2056 1100 paratus
2073 1060 2118 1092 sit
2133 1069 2262 1093 recom-

648 1115 886 1155 pensationem
904 1114 985 1146 dare
1000 1115 1250 1154 competentem
1267 1122 1328 1153 pro
1347 1113 1470 1153 primis
1486 1112 1654 1144 fructibus
1669 1112 1704 1143 in
1723 1113 1870 1153 singulis
1888 1113 2088 1145 vacantibus
2106 1114 2260 1155 ejusdem

650 1169 744 1203 eccl.,
765 1168 806 1199 ab
824 1169 912 1208 ep.is
928 1167 1121 1200 Norwicen.
1143 1167 1273 1207 percipi
1288 1166 1471 1199 consuetis.
1490 1167 1545 1207 (A.
1563 1167 1615 1202 28,
1632 1166 1656 1198 f.
1674 1168 1733 1198 110
1751 1172 1779 1204 ·;
1804 1165 1838 1198 V.
1855 1168 1907 1202 84,
1924 1176 1976 1207 ep.
1993 1169 2101 1207 2539.)

694 1219 834 1252 28567.
848 1239 885 1244 -
901 1220 1067 1252 Benedicta
1078 1220 1115 1251 de
1129 1219 1302 1251 Prandolio
1318 1220 1431 1252 collat.
1444 1229 1563 1252 canon.
1578 1219 1641 1251 sub
1656 1228 1752 1260 exsp.
1765 1220 1868 1260 praeb.
1881 1221 1962 1252 eccl.
1975 1221 2181 1259 Brixiensis,
2194 1231 2262 1254 non

650 1275 738 1307 obst.
754 1275 789 1306 in
808 1275 889 1307 eccl.
906 1285 934 1306 s.
958 1275 1104 1306 Zenonis
1128 1275 1168 1306 de
1189 1274 1441 1314 Contengnaga,
1462 1273 1615 1305 Brixien.
1637 1273 1698 1312 di.‚
1719 1274 1881 1306 clericatu
1900 1283 1962 1306 seu
1979 1275 2129 1315 simplici
2145 1275 2258 1308 benef.

653 1346 688 1351 —
703 1330 742 1361 In
758 1338 787 1361 e.
807 1338 852 1361 m.
871 1338 899 1360 s.
919 1328 1116 1368 Euphemiae
1131 1336 1236 1368 prope
1252 1328 1407 1359 Brixiam
1424 1328 1457 1359 et
1475 1336 1504 1359 s,
1529 1327 1622 1359 Petri
1641 1327 1677 1358 in
1700 1327 1826 1365 Monte,
1841 1328 1995 1360 Brixien.
2014 1329 2074 1367 di.‚
2093 1332 2262 1362 monaste-

649 1383 780 1415 riorum
796 1382 990 1416 abhatibus,
1008 1391 1046 1414 ac
1064 1391 1168 1422 praep.
1188 1381 1268 1413 eccl.
1286 1390 1312 1413 s.
1332 1381 1477 1413 Joannis
1494 1381 1535 1412 de
1550 1381 1650 1412 Foris
1669 1381 1820 1413 Brixien.
1838 1382 1894 1423 (A.
1912 1383 1965 1418 28,
1984 1382 2006 1413 f.
2025 1384 2082 1414 351
2101 1388 2129 1421 ⁸;
2153 1383 2189 1414 V.
2208 1385 2259 1421 84,

649 1445 701 1477 ep.
717 1435 826 1476 3003.)

694 1487 831 1520 28568.
848 1506 887 1512 -
908 1489 1026 1530 Roqero
1042 1488 1080 1519 de
1096 1488 1277 1526 Mundham,
1298 1488 1379 1519 cler.
1396 1488 1583 1520 Cicestren.
1603 1488 1664 1525 di.‚
1683 1497 1776 1519 conc.
1799 1488 2042 1521 tabellionatus
2061 1491 2115 1522 off.
2138 1491 2190 1531 (A.
2211 1493 2261 1528 26,

648 1543 672 1575 f.
689 1545 747 1575 158
760 1549 789 1581 ·;
813 1543 850 1575 V.
867 1543 918 1580 82,
936 1551 989 1582 ep.
1008 1543 1112 1581 1015.)

693 1594 829 1627 28569.
848 1613 887 1620 -
903 1596 991 1638 Ep.o
1010 1595 1202 1627 Lincolnien.
1221 1595 1322 1627 facul.
1338 1595 1545 1627 concedendi
1559 1594 1805 1627 tabellionatus
1822 1596 1878 1628 off.
1892 1606 1915 1627 11
1931 1605 2022 1637 pers.
2043 1607 2062 1629 a
2076 1607 2109 1629 n.
2126 1608 2158 1630 v.
2173 1599 2263 1631 Hen-

584 1660 587 1662 ·
648 1652 718 1683 rico
739 1650 948 1683 Lancastriae
969 1651 1002 1682 et
1024 1649 1229 1690 Leycestriae
1252 1649 1375 1681 comite
1396 1649 1625 1680 nominandis.
1644 1649 1697 1688 (A.
1713 1650 1764 1685 26,
1782 1649 1806 1680 f.
1828 1651 1887 1681 159
1902 1650 1936 1687 ¹²3
1954 1651 1993 1681 A.
2012 1653 2052 1683 29
2067 1651 2088 1690 ¹,
2111 1653 2135 1685 f.
2155 1655 2213 1684 132
2230 1654 2262 1690 b;

655 1705 688 1738 V.
706 1706 758 1743 82,
774 1714 827 1745 ep.
850 1704 954 1744 1026.)

694 1756 830 1788 28570.
850 1777 888 1782 —-
912 1757 1074 1796 Willelmo,
1097 1758 1202 1788 comiti
1225 1757 1263 1788 de
1285 1757 1416 1788 Ulconia
1439 1758 1473 1788 in
1495 1757 1661 1794 Hibernia,
1680 1757 1832 1798 diSpens.
1856 1767 1960 1799 super
1986 1765 2036 1790 111⁸
2062 1762 2095 1792 et
2120 1767 2165 1793 1v⁶
2188 1771 2263 1794 con·

649 1813 808 1854 sanguin.
833 1812 996 1853 gradibus
1017 1812 1052 1843 in
1072 1812 1224 1843 matrim.
1247 1811 1289 1843 ad
1309 1811 1578 1843 confirmandam
1599 1819 1717 1851 pacem
1739 1811 1828 1843 inter
1851 1813 2014 1853 Anglicos
2036 1817 2069 1846 et
2088 1815 2261 1848 Hibernos

648 1867 878 1900 contrahendo
895 1865 937 1897 ab
952 1874 990 1898 eo
1012 1874 1088 1897 cum
1102 1865 1262 1906 aliquan.
1276 1874 1320 1896 m.
1340 1874 1357 1896 e
1376 1874 1481 1906 regno
1497 1865 1642 1905 Angliae.
1658 1865 1711 1903 (A.
1727 1866 1779 1902 27,
1798 1865 1821 1896 f.
1839 1867 1900 1897 214
1917 1866 1947 1902 1),
1972 1866 2004 1898 V.
2021 1869 2072 1905 83,
2090 1877 2143 1909 ep.
2161 1871 2261 1908 1537;

649 1921 808 1958 Theiner,
824 1921 1023 1952 Monumenta
1038 1919 1185 1950 historica
1201 1918 1418 1955 Hiber-norum,
1432 1928 1466 1959 p.
1484 1920 1557 1955 236,
1575 1919 1648 1950 doc.
1668 1919 1929 1959 CCCCLXVII.)

695 1972 833 2005 28571.
855 1991 890 1997 -
911 1974 952 2005 Ν.
971 1984 1000 2004 v.
1021 1974 1138 2005 Joanm'
1158 1972 1289 2010 Bar-ilis,
1312 1973 1386 2004 mil.
1410 1972 1641 2012 Neapolitan.‚
1662 1972 1784 2004 indult.
1808 1974 1845 2004 ut
1866 1974 2044 2007 confessor
2066 1976 2134 2016 ipsi
2154 1978 2262 2010 semel

649 2030 783 2061 tantum
796 2029 832 2060 in
850 2028 973 2059 mortis
989 2027 1131 2059 articulo
1145 2027 1283 2067 plenam
1299 2035 1440 2058 suorum
1457 2028 1671 2067 peccatorum
1687 2026 1927 2059 remissionem
1941 2029 2124 2062 concedere
2139 2032 2258 2070 possit.

652 2083 703 2121 (A.
720 2083 772 2119 27,
787 2082 811 2113 f.
827 2083 884 2114 231
904 2086 933 2118 ²;
959 2080 994 2112 V.
1011 2082 1063 2118 83,
1083 2089 1136 2120 ep.
1156 2081 1260 2119 1580.)

695 2133 833 2166 28572.
854 2153 894 2158 -
913 2134 1041 2172 Jacobo,
1063 2139 1136 2164 nato
1157 2145 1189 2166 n.
1212 2144 1241 2164 υ.
1262 2134 1375 2165 Manni
1397 2133 1434 2164 de
1456 2133 1555 2172 Aleis,
1580 2134 1659 2165 cler.
1683 2134 1884 2172 Florentin.,
1907 2137 2015 2175 gratia
2033 2146 2129 2178 exsp.
2147 2138 2261 2171 benef.

650 2199 678 2222 c.
696 2199 724 2222 c.
741 2190 795 2222 vel
814 2198 842 2221 s.
861 2198 904 2226 c.,
921 2188 1058 2221 etiamsi
1072 2189 1178 2229 dign„
1194 2187 1248 2219 vel
1261 2189 1466 2228 personatus
1483 2189 1540 2219 aut
1557 2188 1610 2219 off.
1629 2188 1754 2220 existat
1771 2188 1807 2219 in
1823 2188 1916 2221 civit.
1931 2190 1984 2221 vel
1999 2190 2045 2223 di.
2062 2191 2261 2231 pistorien„

618 2250 620 2255 ’
649 2244 772 2285 pertin.
793 2244 835 2275 ad
849 2243 963 2275 collat.
982 2242 1051 2283 ep.i
1067 2241 1303 2274 Pistoriensis.
1320 2260 1358 2265 -—
1374 2242 1400 2273 I.
1421 2250 1449 2273 e.
1471 2251 1516 2272 m.
1536 2250 1612 2282 ep.o
1629 2241 1804 2280 Paduano,
1822 2244 1854 2274 et
1871 2243 1985 2275 abbati
2003 2247 2150 2277 monast.
2165 2247 2197 2278 S.
2216 2248 2263 2279 M.

649 2299 691 2330 (16
715 2297 866 2330 Fabroro
890 2296 1167 2328 discalciatorum
1189 2295 1432 2332 masculorum,
1455 2295 1642 2327 Florentin.
1663 2296 1723 2334 di.‚
1745 2305 1782 2327 ac
1803 2297 1910 2336 priori
1932 2306 1959 2328 s.
1984 2298 2161 2331 Michaelis
2184 2301 2264 2332 Ber-

649 2351 734 2384 teldi
750 2350 938 2384 Florentin.
955 2350 1007 2391 (A.
1029 2350 1082 2387 27,
1101 2349 1124 2380 f.
1149 2351 1246 2385 231“;
1269 2349 1306 2380 V.
1321 2350 1372 2387 83,
1391 2358 1445 2389 ep.
1464 2350 1569 2388 1582.)

695 2402 831 2435 28573.
849 2422 888 2427 -
901 2403 1048 2442 Henm'co,
1067 2409 1140 2434 nato
1157 2403 1274 2445 quond.
1299 2402 1436 2434 Wallzeri
1448 2403 1526 2434 dicti
1543 2403 1708 2441 Hochslz'tz,
1729 2404 1848 2442 militis,
1864 2415 1932 2436 can.
1952 2405 2138 2447 Auqusten.‚
2153 2409 2264 2448 gratia

649 2468 746 2501 exsp.
762 2459 869 2500 dign.,
888 2458 942 2490 vel
958 2459 1163 2498 personatus
1181 2466 1243 2489 seu
1259 2457 1313 2489 off.
1331 2466 1359 2488 c.
1380 2466 1407 2488 c.
1425 2457 1479 2488 vel
1495 2466 1523 2488 s.
1541 2466 1569 2489 c.
1589 2474 1627 2479 —
1642 2458 1670 2489 Ι.
1688 2466 1716 2489 e.
1736 2467 1781 2489 m.
1800 2458 1972 2500 archiep.o
1985 2460 2214 2500 Ebredunen.,
2230 2464 2264 2494 et

648 2513 764 2545 abbati
782 2514 929 2545 monast.
946 2512 982 2543 in
1002 2511 1215 2552 Elchingen.,
1230 2520 1268 2542 ac
1289 2519 1391 2551 praep.
1409 2511 1491 2542 eccl.
1507 2511 1541 2542 in
1558 2511 1810 2552 Scnocgarten„
1826 2513 2060 2546 constantien.
2076 2515 2122 2546 di.
2139 2515 2190 2555 (A.
2207 2517 2262 2554 27,

617 2595 619 2610 ,
649 2568 674 2599 f.
689 2568 750 2599 234
767 2566 843 2605 ·;V.
862 2567 916 2605 83,
932 2575 984 2606 ep.
1005 2565 1111 2606 1583.)

692 2617 830 2650 28574.
847 2638 886 2644 —-
904 2620 997 2651 Petro
1016 2618 1156 2657 Beraldz',
1175 2618 1296 2650 archid.
1320 2618 1357 2649 de
1373 2618 1604 2660 Moneepensato
1623 2620 1656 2650 in
1678 2620 1750 2652 eccl.
1770 2619 1948 2659 Caturcen.,
1967 2622 2090 2653 indult.
2106 2623 2142 2653 ut
2159 2622 2263 2655 insis-

648 2675 750 2708 tendo
766 2674 903 2707 scolast.
921 2673 1115 2714 disciplinis
1134 2673 1169 2704 in
1184 2673 1258 2705 loco
1276 2672 1335 2705 ubi
1349 2673 1502 2705 studium
1521 2673 1633 2714 vigeat
1650 2674 1809 2714 generale
1824 2675 1879 2706 vel
1895 2675 1930 2706 in
1947 2675 2061 2715 aliquo
2081 2675 2263 2709 beneficio-

616 2746 618 2755 «
647 2738 725 2761 rum
740 2737 881 2761 suorum
897 2728 1078 2760 residendo
1092 2728 1149 2759 aut
1160 2727 1195 2758 in
1208 2736 1349 2759 romana
1360 2727 1455 2758 curia
1468 2727 1693 2763 immorando,
1707 2728 1838 2760 fructus
1852 2729 2003 2760 eorumd.
2018 2729 2262 2763 beneficiorum

649 2782 777 2824 absque
793 2782 981 2814 residentia
996 2782 1039 2813 ad
1053 2781 1242 2813 triennium
1257 2781 1432 2821 percipere
1453 2781 1576 2819 valeat,
1599 2782 1732 2813 consid.
1755 2782 1934 2814 Gaucelini
1956 2791 2002 2814 ss.
2021 2783 2212 2815 Marcellini
2229 2787 2262 2816 et

650 2837 741 2869 Petri
767 2836 884 2877 presb.
900 2836 991 2868 card.
1018 2853 1056 2858 -
1072 2836 1099 2866 I.
1120 2844 1149 2866 e.
1174 2844 1220 2866 m.
1242 2834 1389 2867 Melden.
1410 2835 1443 2866 et
1464 2835 1505 2866 de
1528 2835 1694 2867 Tornesio
1717 2835 1894 2867 Caturcen.
1914 2836 2087 2874 archid.is,
2111 2846 2149 2868 ac
2168 2837 2262 2879 Ray-

649 2890 776 2922 mundo
793 2890 834 2922 (16
849 2889 1081 2928 columberio,
1099 2898 1172 2920 can.
1189 2888 1444 2921 Autisiodoren.
1462 2889 1542 2920 eccl.
1562 2889 1614 2927 (A.
1631 2890 1681 2926 27,
1698 2889 1720 2920 f.
1737 2890 1796 2920 235
1811 2894 1841 2925 “;
1865 2888 1898 2919 V.
1917 2890 1970 2927 83,
1986 2898 2039 2930 ep.
2061 2890 2168 2931 1592.)

684 3016 706 3040 1.
722 3015 757 3040 In
770 3015 902 3047 margine
919 3015 1040 3046 regesti-i
1058 3014 1186 3046 legitur:
1201 3023 1211 3037 ι
1229 3015 1341 3040 Aelende
1355 3015 1427 3048 quod
1445 3016 1483 3040 est
1502 3015 1534 3040 de
1550 3022 1620 3039 anno
1638 3019 1676 3040 κιο
1693 3016 1718 3039 et
1737 3015 1774 3039 est
1786 3015 1886 3047 scripta
1902 3015 1929 3040 in
1946 3017 2073 3048 quaterno
2091 3016 2262 3043 tabellionum

648 3060 714 3085 anni
729 3060 869 3085 undecimi.
890 3069 900 3083 ι
