2540 3496
229 411 333 439 natum
350 404 534 439 Avenione.

266 514 303 542 21
321 521 384 550 apr.
405 511 495 541 4327.

262 563 306 596 (xi
324 557 385 587 kal.
404 557 501 590 maii.)

327 604 359 632 T.
380 603 437 631 XX.

343 675 379 704 Ut
399 684 423 704 s,

235 721 266 748 τ.
284 721 318 748 xi
335 720 380 754 ¹12,
399 720 462 748 xm
482 720 527 754 ¹12.

342 888 378 917 Ut
399 897 423 916 s.

308 934 339 961 T.
357 934 451 962 XXIV.

338 1104 376 1132 Ut
396 1112 421 1131 s.

264 1264 304 1291 22
322 1271 384 1300 apr.
406 1264 494 1292 4327.

273 1309 302 1346 (x
315 1309 374 1337 kal.
393 1309 490 1344 maii.)

325 1354 356 1382 T.
375 1355 433 1383 ΧΠ.

341 1480 377 1507 Ut
398 1489 421 1508 s.

293 1525 323 1552 T.
346 1525 466 1553 xxviii.

338 1801 373 1830 Ut
392 1810 417 1831 s.

306 1847 337 1874 T.
354 1847 449 1875 xxlv.

338 1963 373 1991 Ut
393 1972 418 1991 s.

321 2008 351 2035 T.
369 2008 426 2036 XX.

335 2124 370 2152 Ut
391 2134 415 2152 s.

340 2339 376 2367 Ut
391 2348 415 2367 s.

325 2384 356 2411 T.
377 2384 434 2412 XX.

339 2552 374 2580 Ut
396 2561 422 2582 s-

317 2597 347 2623 T.
365 2597 446 2629 [11¹¹.

343 2928 379 2956 Ut
396 2937 419 2955 s.

592 317 767 349 JOANNIS
790 317 909 348 PAPAE
932 316 1034 348 XXII.
1057 317 1308 358 (1316-1334).
1332 333 1371 339 —
1393 316 1580 347 LITTERAE
1603 315 1831 348 COMMUNES
2175 319 2237 349 511

673 506 811 540 28179.
831 527 870 531 -
884 509 1048 540 Judicibus
1065 509 1278 540 executoribus
1291 509 1436 551 praesaen's
1456 509 1547 550 (vide
1570 518 1686 549 supra,
1712 518 1745 541 n.
1768 509 1883 550 28476)
1904 510 2016 541 mand.
2043 519 2103 551 pro
2126 519 2241 552 recep-

626 564 720 596 tione
739 563 893 601 JoanniS,
912 563 982 594 nati
999 563 1140 595 Henrici
1156 564 1197 595 de
1212 563 1440 604 Hugilhoven.
1460 563 1593 599 militis,
1613 563 1692 595 cler.
1710 563 1885 595 Colonien.
1907 564 1966 601 di.,
1985 564 2020 595 in
2036 565 2240 596 monachum

626 618 773 649 monast.
791 616 981 654 stabulm,
997 617 1034 649 O.
1050 618 1084 649 S.
1104 618 1155 654 B.,
1171 617 1333 649 Leodien.
1353 617 1398 648 di.
1418 617 1472 658 (A.
1489 618 1539 654 28,
1558 617 1580 649 s.
1600 618 1659 649 209
1677 616 1709 654 ὓ,-
1735 617 1771 649 V.
1789 618 1840 652 84,
1858 626 1911 658 ep.
1927 619 2032 657 2775.)

673 668 811 701 28480.
826 688 864 693 --
879 671 997 710 Joanni
1012 670 1115 702 Orrici
1126 670 1164 701 de
1182 670 1305 702 Uri-hiis
1319 680 1416 711 prov.
1435 679 1554 702 canon.
1569 670 1633 702 sub
1653 679 1750 711 exsp.
1768 671 1871 711 praeb.
1895 671 1974 704 eccl.
1990 672 2028 703 B.
2044 672 2090 704 M.
2108 672 2242 713 Magda-

626 725 712 757 lenae
722 724 924 762 Virdunen.,
941 715 1071 756 consid.
1086 725 1216 757 Sanciae
1233 724 1358 765 reginae
1373 724 1512 762 Siciliae,
1524 725 1621 765 cujus
1633 725 1713 757 cler.
1727 726 1761 756 et
1775 725 1882 757 famil.
1896 725 2026 758 existit.
2040 743 2079 749 -
2091 727 2130 758 In
2143 735 2172 758 e.
2190 735 2239 758 m.

628 778 780 810 Paduan.
798 780 830 810 et
851 778 986 810 Tullen.
1006 779 1104 818 ep.is,
1121 780 1222 819 atque
1238 778 1314 810 abb.
1330 779 1476 810 monast.
1494 787 1522 809 s.
1537 778 1708 810 Mansueti
1721 781 1819 810 extra
1833 787 1951 811 muros
1963 779 2098 811 Tullen.
2115 780 2167 821 (A.
2186 781 2240 818 28,

627 832 651 864 f.
670 833 730 864 304
749 837 778 870 ⁸3
798 832 835 864 V.
851 833 904 868 84,
919 841 973 872 ep.
991 832 1099 872 2902.)

674 883 811 916 28481.
829 904 866 908 -
884 885 1075 927 Raynardus
1093 886 1131 917 de
1150 886 1372 927 Huqilhoven„
1392 885 1527 917 thesaur.
1545 885 1619 917 eccl.
1639 896 1663 916 s.
1682 885 1824 917 Severini
1844 886 2019 925 Colonien.,
2039 887 2239 920 habilitatur

628 948 731 980 super
748 949 787 972 eo
805 940 896 980 quod
912 940 1046 979 paroch.
1065 940 1147 971 eccl.
1160 939 1196 971 in
1208 940 1405 979 Adendorp‚
1420 940 1595 971 colonien.
1611 939 1671 977 di.,
1688 948 1756 971 una
1773 948 1851 971 cum
1867 949 1929 971 sua
1945 940 2170 980 thesauraria,
2185 952 2240 974 cu-

627 1002 700 1025 ram
727 994 919 1025 animarum
943 993 1098 1031 habente,
1123 993 1297 1034 aliquibus
1322 993 1422 1024 annis
1443 993 1573 1033 absque
1599 993 1752 1033 dispens.
1776 994 1896 1025 tenuit.
1921 994 1974 1034 (A.
1999 996 2053 1033 28,
2081 995 2105 1026 f.
2128 997 2188 1028 365
2208 1002 2238 1034 ³3

633 1047 669 1079 V.
688 1048 740 1084 84,
754 1056 806 1087 ep.
829 1048 935 1086 3030.)

672 1098 812 1131 28482.
828 1118 866 1123 ——
883 1101 922 1132 N.
941 1111 969 1132 υ.
987 1101 1108 1139 Ossino,
1127 1101 1231 1132 comiti
1252 1100 1376 1138 Curchi,
1399 1100 1603 1142 qubernatori
1625 1101 1714 1141 requi
1732 1100 1896 1138 Armeni-re,
1921 1101 2090 1134 indultum
2108 1104 2145 1135 ut
2162 1112 2241 1135 con-

628 1155 740 1187 fessor
755 1155 862 1186 semel
881 1155 916 1186 in
935 1154 1057 1186 mortis
1076 1154 1221 1186 articulo
1240 1154 1351 1194 possit
1371 1154 1439 1194 ipsi
1460 1154 1599 1194 plenam
1623 1154 1864 1186 remissionem
1884 1156 2100 1194 peccatorum
2122 1165 2240 1190 conce·

627 1209 718 1240 dere.
736 1208 789 1248 (A.
805 1210 857 1244 28,
875 1208 899 1239 f.
918 1209 957 1240 10
971 1208 1010 1247 ¹³.)

672 1259 809 1292 28483.
830 1279 867 1284 -
882 1261 923 1293 N.
945 1272 974 1292 v.
995 1261 1127 1292 Hem-ico
1145 1261 1220 1292 d.no
1236 1261 1274 1292 de
1289 1261 1426 1298 Soliaco,
1445 1261 1645 1293 Aurelianen.
1660 1261 1718 1299 di.,
1738 1261 1860 1294 indult.
1878 1263 1925 1299 ut,
1943 1262 2148 1304 ubicumque
2167 1264 2241 1296 fue-

626 1316 683 1354 rit,
701 1316 754 1347 sui
771 1315 939 1356 capellani
954 1315 1089 1356 possint
1104 1316 1135 1347 ei
1150 1315 1340 1347 ecclesiast.
1358 1316 1571 1346 sacramenta
1587 1315 1798 1352 ministrare,
1813 1315 2082 1348 dioecesanorum
2097 1318 2152 1348 vel
2170 1326 2240 1349 rec-

628 1370 739 1401 torum
764 1369 901 1409 paroch.
936 1369 1158 1400 ecclesiarum
1190 1377 1360 1400 consensu
1390 1368 1532 1400 minime
1562 1369 1739 1409 requisito.
1764 1369 1816 1408 (A.
1840 1370 1893 1406 27,
1923 1369 1946 1400 f.
1977 1371 2034 1401 174
2057 1370 2070 1392 b
2083 1381 2092 1408 ;
2125 1370 2160 1402 V.
2187 1372 2239 1409 83,

626 1432 679 1463 ep.
696 1424 802 1461 1476.)

671 1473 810 1506 28484.
830 1493 869 1498 —
883 1477 1047 1507 Priorissae
1062 1480 1091 1506 et
1110 1475 1266 1506 sororibus
1285 1479 1418 1507 monast.
1438 1475 1475 1506 de
1494 1475 1671 1517 Lanusloye
1692 1476 1887 1514 Atrebatem,
1909 1477 2076 1508 secundum
2096 1478 2239 1510 instituta

628 1529 660 1561 0.
683 1529 718 1561 S.
738 1529 779 1562 A.
802 1539 861 1571 per·
879 1530 1062 1571 priorissam
1082 1529 1154 1570 qub.
1177 1528 1272 1567 soliti,
1292 1529 1348 1559 suh
1367 1539 1442 1560 cura
1462 1529 1602 1570 fratrum
1625 1529 1659 1561 O.
1685 1530 1723 1561 P.
1748 1530 1931 1570 viventibus,
1954 1535 2016 1561 tam
2035 1532 2240 1572 praesenlibus

625 1593 717 1624 quam
728 1583 862 1624 futuris,
879 1584 1058 1624 indulget„
1076 1583 1118 1614 ad
1137 1583 1247 1615 instar
1261 1583 1436 1615 Benedicti
1451 1583 1513 1617 IX,
1535 1585 1572 1614 ut
1589 1583 1633 1614 ad.
1653 1584 1953 1623 praesentationem
1971 1585 2182 1617 decimarum
2198 1586 2239 1618 de

625 1638 898 1678 quibuscumque
915 1636 1195 1677 possessionibus
1211 1645 1272 1677 per
1289 1645 1347 1668 eas
1369 1636 1550 1677 acquisitis
1571 1638 1605 1674 et
1627 1637 1846 1677 acquirendis
1866 1638 1920 1669 vel
1945 1638 1987 1669 ad
2009 1638 2239 1671 exhibendum

625 1699 775 1722 annuum
791 1699 932 1722 censum
947 1691 1101 1731 ipsarum
1116 1690 1319 1722 dioecesanis
1335 1690 1436 1730 epis,
1454 1699 1586 1721 necnon
1602 1690 1756 1731 pedagia,
1774 1691 1933 1723 thelonea
1946 1693 1978 1723 et
1994 1692 2080 1723 alias
2097 1693 2240 1725 exactio-

625 1754 686 1776 nes
702 1745 883 1785 quibusvis
898 1745 1037 1785 regibus
1053 1745 1086 1776 et
1101 1744 1180 1776 aliis
1194 1744 1336 1776 minime
1354 1745 1543 1776 teneantur.
1560 1744 1613 1783 (A.
1633 1746 1684 1783 27,
1704 1745 1726 1775 f.
1743 1745 1802 1777 189
1817 1745 1847 1781 ¹³;
1874 1744 1906 1777 V.
1925 1746 1976 1783 83,
1998 1754 2050 1786 ep.
2069 1748 2175 1786 1495.)

671 1795 805 1828 28485.
827 1817 865 1822 -
884 1798 1087 1837 Ψὶηιοηίρη.,
1111 1797 1290 1839 νίςονηίεη,
1306 1802 1334 1829 ec
1351 1797 1543 1829 Londom'en.
1559 1798 1639 1839 ep.is
1654 1799 1768 1830 mand.
1783 1807 1844 1838 pro
1860 1799 2053 1838 Willelmo,
2070 1800 2241 1841 archiep.o

625 1852 823 1890 Eboracen.‚
841 1854 960 1884 contra
975 1852 1074 1893 capit.
1093 1852 1174 1884 eccl.
1197 1852 1383 1883 Eboracen.
1407 1860 1512 1892 super
1527 1852 1605 1892 Jure
1626 1852 1802 1889 visitandi,
1822 1852 1888 1883 eid.
1911 1853 2082 1893 archiep.0
2106 1863 2241 1894 compe-

624 1907 729 1938 tente.
747 1907 800 1945 (A.
819 1908 870 1942 27,
889 1906 910 1937 f.
925 1908 986 1938 202
1004 1911 1037 1943 ⁸5
1062 1905 1095 1937 V.
1112 1907 1164 1943 83,
1183 1914 1236 1946 ep.
1251 1907 1357 1944 1509.)

672 1957 808 1990 28486.
828 1978 866 1983 -
885 1960 1013 1997 Joanni,
1038 1959 1144 1990 abbati
1166 1963 1297 1991 monast.
1316 1970 1340 1991 s.
1362 1959 1506 2000 E'uqendi
1525 1959 1647 1996 Juren„
1667 1959 1701 1990 0.
1719 1959 1755 1990 S.
1778 1959 1830 1997 B.,
1852 1960 2033 2000 Luydunen.
2055 1960 2115 1999 di.,
2134 1961 2239 1994 facul.

626 2014 813 2054 recipiendi
827 2022 954 2045 munus
966 2013 1218 2045 benedictionis
1235 2022 1253 2044 a
1267 2021 1482 2053 quocumque
1498 2013 1646 2044 voluerit
1660 2013 1825 2045 antistite.
1841 2014 1894 2052 (A.
1909 2015 1960 2053 27,
1976 2014 1999 2046 f.
2012 2015 2072 2046 213
2088 2020 2116 2052 ⁸;
2139 2015 2171 2045 V.
2185 2017 2239 2053 83,

626 2077 679 2108 ep.
698 2069 802 2105 1555).

671 2118 808 2151 28487.
826 2140 864 2145 -
884 2120 998 2152 Abbati
1014 2125 1144 2152 monast.
1161 2121 1325 2158 Famam,
1343 2120 1572 2161 Appamiarum
1588 2120 1646 2158 di.,
1664 2126 1692 2151 et
1709 2121 1827 2152 archid.
1850 2120 2071 2159 Fronhnhesii,
2089 2133 2125 2153 ac
2140 2123 2236 2154 Petro

628 2175 755 2217 Roqerii
770 2174 807 2206 de
823 2174 980 2216 Puqollis,
997 2184 1065 2205 can.
1082 2174 1281 2215 Mirapiscen.
1299 2174 1388 2211 eccl„
1406 2174 1519 2205 mand.
1539 2175 1576 2206 ut
1592 2175 1760 2206 ‚Ioannem
1778 2175 1819 2206 de
1835 2175 2107 2212 Verduno,·cler.
2125 2177 2239 2217 Appa-

626 2230 786 2267 miarum,
805 2229 841 2260 in
858 2229 1060 2261 canonicum
1082 2228 1163 2260 eccl.
1188 2228 1449 2268 Appamiarum,
1473 2228 1512 2260 O.
1534 2228 1569 2260 S.
1589 2229 1643 2264 A..
1667 2228 1773 2268 recipi
1796 2229 1932 2260 faciant.
1949 2229 2002 2270 (A.
2022 2231 2071 2266 27,
2091 2230 2114 2262 f.
2130 2232 2189 2262 213
2206 2230 2237 2269 '’;

633 2282 666 2314 V.
684 2284 735 2321 83,
754 2291 807 2323 ep.
828 2284 934 2322 1556.)

672 2333 809 2366 28488.
833 2354 873 2359 -
894 2336 1004 2367 Priori
1023 2337 1059 2367 de
1076 2347 1102 2367 s.
1126 2336 1279 2368 Germano
1298 2346 1401 2378 prope
1425 2336 1577 2375 Ale-stum,
1598 2341 1626 2366 et
1645 2346 1745 2377 praep.
1773 2336 2046 2378 Carpentoraten„
2069 2348 2104 2368 ac
2125 2338 2240 2369 Jacobo

629 2391 771 2427 Germ-di,
791 2400 861 2421 can.
884 2390 1069 2422 Nemausen.
1094 2389 1180 2427 eccl„
1204 2390 1319 2421 mand.
1343 2399 1404 2430 pro
1429 2390 1623 2430 receptione
1646 2390 1834 2422 Raimundi
1853 2391 2046 2427 Cotaronis,
2066 2392 2149 2423 cler.
2167 2392 2242 2424 Uti-

627 2445 740 2477 censis
765 2445 824 2482 di.,
850 2445 886 2476 in
911 2446 1056 2476 monast.
1081 2444 1347 2482 Psalmodiensi,
1371 2444 1411 2476 O.
1434 2444 1468 2476 S.
1492 2445 1543 2481 B.,
1566 2444 1817 2476 Nemausensis
1843 2445 1890 2476 di.
1915 2444 1968 2485 (A.
1996 2446 2048 2483 27,
2073 2445 2095 2477 f.
2124 2447 2185 2477 219
2204 2451 2238 2484 ²;

635 2499 671 2529 V.
688 2500 740 2536 83,
757 2508 810 2539 ep.
831 2499 937 2538 1560.)

672 2549 810 2583 28489.
828 2571 865 2576 -
882 2552 1032 2584 Nicolaus
1047 2551 1208 2584 Frederici
1219 2551 1256 2582 de
1270 2551 1370 2589 Senis,
1388 2562 1469 2583 mon.
1487 2553 1668 2583 monasterii
1687 2562 1712 2582 s.
1735 2551 1895 2583 Michaelis
1910 2552 2039 2589 Senem,
2056 2553 2123 2584 ord.
2148 2553 2241 2584 Valli-

627 2606 803 2644 sumbrosae,
819 2607 856 2638 fit
871 2606 978 2638 abbas
995 2608 1142 2638 monast.
1159 2606 1191 2638 S.
1215 2607 1260 2638 M.
1281 2606 1322 2637 de
1342 2606 1574 2646 Monteplano‚
1593 2606 1675 2638 dicti
1694 2607 1781 2642 ord„
1803 2607 1988 2638 Pistorien.
2009 2607 2068 2646 di.,
2087 2608 2240 2638 vacantis

626 2661 696 2692 tam
713 2669 774 2700 per
791 2660 1017 2702 privationem
1037 2662 1070 2692 et
1093 2660 1300 2692 amotionem
1322 2669 1382 2691 seu
1407 2660 1570 2700 resignat.
1591 2660 1731 2700 Rogerii
1757 2660 1889 2692 ratione
1914 2660 2085 2700 generalis
2111 2668 2239 2692 reserv.

627 2722 646 2745 a
667 2714 761 2754 Papa
781 2714 924 2746 decretae
941 2723 1044 2755 quam
1064 2723 1125 2754 per
1145 2714 1372 2745 cassationem
1390 2713 1569 2746 electionis
1586 2714 1727 2754 ejusque
1745 2714 2016 2745 confirmationis
2035 2714 2151 2745 favore
2169 2714 2237 2746 Do-

628 2767 711 2806 nati,
730 2776 821 2799 mon.
842 2767 1044 2800 monasterii
1065 2768 1106 2799 de
1127 2768 1271 2808 Vajano,
1295 2767 1368 2799 ord.
1390 2767 1688 2803 Vallisumbrosae,
1711 2767 1893 2799 Pistorien.
1916 2767 1976 2804 di.,
2001 2767 2178 2798 factarum.
2201 2785 2238 2790 —

627 2821 667 2852 In
691 2831 721 2853 e.
749 2831 795 2853 m.
820 2830 916 2854 conv,
943 2822 1095 2862 praedicti
1115 2822 1149 2854 S.
1170 2822 1215 2853 M.
1234 2822 1275 2853 de
1291 2821 1511 2862 Monteplano
1530 2823 1563 2853 et
1583 2821 1699 2853 abbati
1721 2822 1866 2853 monast.
1884 2820 2179 2856 vallisumbrosae.
2198 2822 2239 2852 ad

628 2875 670 2907 R.
687 2875 725 2906 E.
743 2875 838 2907 nullo
852 2876 966 2907 medio
982 2876 1120 2916 pertin„
1137 2875 1297 2907 Fesulan.
1314 2875 1360 2907 di.
1382 2875 1433 2913 (A.
1450 2876 1501 2911 27,
1519 2875 1541 2906 f.
1561 2877 1620 2906 227
1638 2880 1651 2896 ²
1665 2876 1697 2906 et
1713 2874 1745 2912 ¹³3
1767 2874 1799 2906 V.
1818 2876 1868 2912 83,
1886 2883 1940 2914 ep.
1959 2875 2064 2913 1600.)

674 2925 809 2959 28480.
827 2946 866 2952 —-
886 2929 1077 2961 Relaxatur
1099 2929 1317 2961 interdictum
1335 2929 1390 2960 cui
1409 2929 1546 2960 Alhien.
1572 2937 1671 2968 ep.us
1694 2930 1844 2959 castrum
1859 2928 1900 2959 de
1918 2928 2083 2968 Lagarda,
2102 2928 2254 2960 Albion.-

629 2981 690 3020 di.,
706 2982 902 3023 supposuit,
919 2991 962 3014 ex
980 2991 1019 3014 eo
1040 2983 1132 3023 quod
1147 2983 1286 3023 quidam
1302 2982 1447 3021 achilee,
1467 2982 1549 3013 dicti
1566 2981 1669 3012 castri
1685 2981 1892 3019 condomini,
1911 2981 2093 3021 quemdam
2111 2982 2238 3022 presb.,

630 3035 768 3067 nomine
787 3036 997 3073 Tresdecim,
1022 3037 1054 3067 et
1080 3036 1266 3076 quemdam
1288 3036 1361 3077 ejus
1383 3036 1478 3073 cler.,
1503 3035 1638 3066 nomine
1659 3035 1933 3073 Quatuordecim,
1958 3035 2038 3067 dum
2058 3043 2102 3067 ex
2122 3035 2241 3068 eodem
