2540 3496
244 436 352 464 Datum
370 430 555 464 Avenione.

285 697 325 726 24
340 706 404 726 nov.
425 698 513 727 1325.

279 742 348 779 (vm
364 744 424 771 kal.
440 743 518 779 dec.)

300 788 332 816 Τ.
352 788 412 822 ΧΙΙ,
426 787 497 816 XIV.

356 965 392 993 Ut
412 974 436 993 s.

334 1010 364 1038 T.
383 1009 456 1039 XVI.

354 1071 390 1099 Ut
406 1080 430 1099 s.

333 1116 364 1143 T.
382 1116 453 1144 XVI.

354 1179 390 1207 Ut
405 1187 430 1206 s.

330 1223 361 1251 T.
382 1224 453 1251 XVI.

348 1287 385 1315 Ut
404 1295 428 1315 ε.

289 1331 320 1358 Τ.
339 1331 399 1366 XII,
417 1332 488 1359 XIV.

346 1662 381 1690 Ut
399 1671 424 1690 s.

263 2089 304 2118 25
321 2098 384 2118 nov.
406 2091 496 2120 1325.

269 2135 326 2171 (vn
340 2135 401 2164 kal.
413 2136 490 2172 dec.)

227 2180 258 2207 Τ.
280 2179 318 2208 XI
336 2182 389 2216 Ἢ,
405 2181 468 2209 XIII
483 2181 531 2215 ¹lz.

338 2412 374 2440 Ut
394 2421 418 2440 s.

229 2457 262 2484 T.
279 2456 315 2484 XI
333 2457 380 2492 ¹12,
397 2457 460 2485 XIII
477 2458 524 2493 ¹l2-

334 2679 371 2708 Ut
387 2688 412 2709 ε.

274 2723 305 2752 T.
323 2723 385 2759 XII,
399 2725 471 2754 XIV.

613 343 788 375 JOANNIS
811 343 930 374 PAPAE
952 342 1055 374 XXII.
1080 344 1332 383 (1316-1334).
1357 359 1395 364 —
1419 341 1606 372 LITTERAE
1629 341 1856 372 COMMUNES
2223 344 2265 374 55

645 537 830 571 firmatum,
848 536 1095 576 Rothomagen.
1114 535 1174 572 di.,
1200 536 1233 566 et
1257 544 1376 566 canon.
1397 534 1461 565 sub
1486 542 1582 573 exsp.
1601 533 1704 574 praeb.
1729 533 1811 564 eccl.
1827 533 2047 564 Morinensis.
2065 551 2103 556 —
2120 533 2147 564 1.
2167 542 2194 564 e.
2213 542 2262 564 m.

645 599 721 630 ep.0
739 590 969 627 Atrebatensi,
986 591 1018 620 et
1033 589 1108 621 abb.
1126 589 1273 620 monast.
1295 597 1323 619 s.
1340 588 1482 620 Auberti
1498 588 1729 625 Cameracen„
1746 596 1783 618 ac
1798 587 1926 618 archid.
1944 587 1984 618 de
2002 586 2213 619 Cambresiis
2227 587 2263 618 in

644 644 726 676 eccl.
745 644 995 675 Cameracensi.
1015 644 1066 680 (A.
1088 644 1138 679 24,
1156 642 1179 674 f.
1198 644 1257 674 517
1274 642 1306 680 '‘;
1329 641 1366 673 V.
1382 643 1433 679 80,
1455 651 1507 681 ep.
1529 641 1635 680 1023.)

690 695 828 727 23913.
845 715 884 720 —-
899 696 997 727 Heliae
1011 702 1083 727 nato
1099 696 1199 727 Heliae
1220 696 1255 726 dc
1270 696 1381 736 Beqos,
1400 705 1474 727 cau.
1494 695 1575 726 eccl.
1600 704 1629 726 s.
1651 694 1808 735 Caprasii
1827 695 2015 735 Agennen.,
2035 695 2145 734 gratia
2164 703 2261 734 exsp.

643 751 754 782 benef.
773 752 814 791 (c.
833 759 861 782 c.
881 752 939 782 100
960 750 1013 781 vel
1031 760 1058 782 s.
1079 759 1106 781 c.
1130 751 1170 781 50
1194 750 1216 781 l.
1245 750 1283 789 t.)
1308 751 1343 781 in
1368 749 1461 780 civit.
1482 749 1535 780 vel
1553 749 1599 780 di.
1625 749 1817 786 Caturcen.,
1839 748 1965 788 pertin.
1992 748 2034 779 ad
2053 748 2166 780 collat.
2193 748 2262 787 ep.i

644 804 841 839 Caturcen.;
859 813 936 835 cum
950 803 1143 834 cassatione
1160 803 1277 843 gratiae
1293 812 1389 842 exsp.
1409 803 1514 842 dign.‚
1533 803 1738 842 personatus
1752 811 1812 833 seu
1829 802 1885 834 off.
1903 802 1940 834 in
1954 802 2043 834 dicta
2058 801 2139 833 eccl.
2157 811 2184 832 s.
2202 802 2261 833 Ca-

641 858 763 897 prasii.
783 874 822 879 —
837 857 866 888 1.
890 866 919 888 e.
938 865 994 887 m.-
1009 857 1143 893 Elnen„
1166 856 1430 895 Montispensati
1454 865 1492 887 ac
1517 856 1557 887 de
1579 855 1745 887 Tornesio
1771 856 1950 888 Caturcen.
1978 855 2060 887 eccl.
2086 849 2260 887 archid.is.

642 910 696 950 (A.
720 912 772 947 24,
790 910 813 941 f.
833 911 894 942 648
907 915 935 946 ·;
963 909 996 941 V.
1015 910 1067 947 80,
1085 918 1138 948 ep.
1162 911 1241 941 1357
1255 909 1310 948 B.)

686 960 827 993 23914.
851 981 888 985 -
918 962 1054 993 Waltero
1072 962 1155 999 Gen,
1173 962 1254 993 cler.
1279 971 1346 993 non
1367 962 1548 1002 conjugato
1570 971 1630 994 nec
1650 963 1686 993 in
1704 963 1812 994 sacris
1830 963 1903 994 ord.
1923 963 2120 1002 constituto,
2140 963 2259 995 Liche-

640 1016 764 1048 selden.
782 1016 842 1052 di.,
860 1025 952 1048 conc.
972 1016 1216 1047 tabellionatus
1233 1016 1289 1046 off.
1308 1015 1360 1053 (A.
1380 1017 1430 1053 24,
1450 1015 1471 1046 f.
1491 1017 1548 1047 116
1564 1021 1593 1053 ⁸3
1618 1015 1649 1047 V.
1668 1017 1719 1053 80,
1739 1025 1792 1056 ep.
1810 1017 1918 1056 1504.)

687 1066 824 1099 23915.
844 1089 882 1093 -
903 1069 1035 1100 Roberto
1052 1068 1148 1110 Peyk,
1166 1069 1248 1100 cler.
1269 1077 1336 1100 non
1352 1069 1531 1109 conjugato
1547 1069 1656 1100 necin
1670 1070 1778 1100 sacris
1793 1070 1863 1101 ord.
1877 1071 2073 1107 consutum,
2091 1071 2258 1102 Exonien.

639 1123 699 1161 di.,
717 1124 808 1155 idem
824 1123 1033 1154 conceditur.
1049 1122 1105 1163 (A.
1125 1124 1176 1159 24,
1195 1122 1216 1153 f.
1235 1124 1294 1154 116
1311 1127 1340 1160 ·;
1365 1122 1398 1152 V.
1422 1123 1475 1161 80,
1495 1131 1549 1161 ep.
1566 1122 1674 1162 1505.)

685 1174 824 1207 23916.
844 1196 882 1200 -
900 1177 994 1208 Idem
1013 1176 1185 1208 confertur
1198 1176 1318 1207 Joanni
1329 1176 1365 1207 de
1381 1175 1544 1217 Hemesby‚
1562 1176 1642 1207 cler.
1662 1185 1729 1207 non
1748 1176 1927 1216 conjugato
1944 1178 2053 1209 necin
2068 1178 2174 1209 sacris
2184 1179 2255 1210 ord.

638 1232 836 1266 constituto,
853 1230 1047 1263 Norwicen.
1070 1230 1115 1261 di.
1139 1230 1192 1267 (A.
1214 1231 1266 1267 24,
1286 1230 1309 1260 f.
1329 1232 1388 1262 116
1407 1235 1436 1266 ³5
1461 1229 1494 1260 V.
1516 1230 1567 1267 80,
1588 1238 1641 1270 ep.
1663 1230 1770 1270 1506.)

684 1282 822 1314 23917.
849 1302 886 1308 -
913 1284 1005 1314 Petro
1022 1284 1057 1315 de
1078 1283 1216 1315 Abbatia
1235 1284 1345 1324 gratia
1368 1292 1466 1324 exsp.
1489 1284 1594 1323 dign,
1621 1285 1825 1324 personatus
1849 1292 1909 1315 seu
1925 1284 1980 1315 off.
2002 1293 2031 1315 c.
2054 1294 2081 1316 c.
2099 1286 2153 1317 vel
2166 1295 2195 1316 s.
2214 1295 2255 1321 c.,

636 1338 734 1379 cujus
755 1338 894 1370 collatio
913 1339 954 1369 ad
975 1347 1091 1377 ep.um
1110 1338 1334 1370 Valentinum
1354 1338 1535 1377 pertineat,
1556 1338 1591 1368 in
1609 1337 1691 1368 eccl.
1710 1337 1912 1374 Valentina3
1932 1346 1997 1368 non
2020 1337 2107 1369 obst.
2127 1339 2160 1370 in
2181 1339 2255 1370 ead.

635 1401 754 1424 canon.
774 1392 837 1424 sub
862 1401 959 1432 exsp.
978 1391 1095 1431 praeb.,
1118 1393 1151 1423 et
1167 1392 1402 1431 praepositurae
1418 1400 1479 1422 seu
1498 1392 1674 1428 mensatae,
1693 1400 1766 1431 quae
1787 1400 1849 1422 nec
1867 1391 1959 1431 dign.
1976 1400 2036 1422 nec
2054 1394 2258 1431 personatus

635 1447 773 1482 existat,
791 1455 820 1477 s.
839 1455 881 1484 c.,
900 1446 933 1477 et
959 1446 994 1476 in
1015 1445 1162 1476 Ilerden.
1189 1445 1269 1476 eccl.
1292 1454 1412 1476 canon.
1430 1444 1494 1475 sub
1516 1454 1613 1484 exsp.
1643 1444 1760 1484 praeb.‚
1785 1445 1932 1485 quadam
1949 1445 2113 1484 pensione
2130 1445 2196 1476 sibi
2214 1446 2256 1477 ab

634 1509 710 1540 ep.o
726 1501 759 1531 et
776 1500 877 1539 capit.
891 1499 1086 1531 Valentinis
1101 1499 1286 1539 assignata,
1304 1500 1337 1530 et
1360 1499 1498 1538 paroch.
1517 1498 1598 1530 eccl.
1616 1499 1657 1529 de
1673 1499 1800 1538 Foyos,
1814 1498 1988 1531 valentin.
2008 1499 2068 1537 di.,
2086 1508 2190 1539 quam
2208 1500 2257 1531 di-

634 1554 771 1585 mittere
787 1555 932 1584 tcnetur.
947 1571 986 1576 -
1004 1553 1029 1583 l.
1050 1562 1079 1584 e.
1105 1562 1150 1584 m.
1168 1552 1245 1584 abb.
1267 1554 1414 1584 monast.
1432 1552 1658 1592 Vallisdignae
1676 1552 1849 1584 Valentin.
1873 1552 1934 1590 di.,
1953 1554 1986 1584 et
2002 1552 2152 1585 thesaur.
2171 1554 2255 1585 Der-

632 1607 796 1644 tusensis,
817 1616 855 1638 ac
871 1607 1023 1638 sacristae
1041 1606 1282 1638 Tirasonensis
1300 1606 1463 1638 ecclesiae.
1480 1606 1534 1647 (A.
1551 1607 1601 1641 25,
1619 1606 1641 1637 s.
1659 1607 1715 1637 351
1734 1611 1762 1644 ¹3
1785 1606 1822 1637 V.
1838 1607 1889 1641 81,
1912 1615 1963 1646 ep.
1983 1607 2090 1645 2321.)

680 1658 821 1691 23918.
844 1679 884 1684 -
912 1660 1096 1692 Theoderico
1111 1660 1148 1690 de
1163 1659 1315 1696 Essende,
1331 1660 1412 1691 cler.
1432 1660 1642 1697 Coloniensi,
1661 1659 1834 1691 absolutio
1853 1659 1894 1691 ab
1913 1660 2129 1692 inhabilitate
2153 1669 2195 1692 ex
2213 1670 2253 1693 eo

633 1715 805 1746 contracta
828 1715 909 1754 quia
924 1714 1051 1745 dudum
1069 1723 1172 1754 super
1188 1713 1323 1745 defectu
1342 1713 1510 1745 natalium
1528 1722 1630 1754 quem
1651 1714 1792 1753 patitur,
1811 1722 1887 1745 cum
1904 1714 1949 1745 sit
1966 1714 2007 1745 de
2024 1714 2137 1746 soluto
2154 1716 2186 1746 et
2202 1723 2252 1746 so·

633 1768 705 1799 luta
722 1768 868 1808 genitus,
884 1768 1102 1808 dispensatus
1118 1769 1154 1799 ut
1170 1776 1287 1799 omnes
1304 1767 1376 1798 ord.
1396 1769 1427 1799 et
1442 1767 1647 1798 beneficium
1664 1767 1768 1798 etiam
1785 1776 1813 1798 c.
1834 1776 1862 1798 c.
1881 1767 2032 1807 recipere
2049 1770 2178 1808 posset,
2195 1777 2251 1808 pa-

632 1821 815 1853 rochialem
834 1822 915 1853 eccl.
932 1822 967 1853 in
984 1821 1134 1858 Lincelo,
1151 1821 1328 1853 Colonien.
1348 1821 1408 1859 di.,
1424 1823 1605 1852 assecutus
1620 1821 1696 1857 fuit,
1715 1822 1748 1852 et
1768 1821 1890 1852 deinde
1911 1830 2028 1853 canon.
2048 1823 2080 1853 et
2098 1822 2249 1861 praeben·

631 1875 709 1906 dam
731 1875 765 1906 in
782 1875 864 1907 eccl.
879 1875 1049 1912 Zeflicen.,
1066 1875 1174 1915 ejusd.
1198 1875 1259 1912 di.,
1285 1875 1425 1914 recepit,
1446 1883 1552 1914 eaque
1575 1884 1651 1906 cum
1674 1875 1763 1906 dicta
1787 1874 1922 1915 paroch.
1952 1875 2033 1906 eccl.
2054 1875 2165 1906 tenuit
2191 1885 2253 1915 per

631 1929 749 1970 plures
766 1938 872 1960 annos
888 1929 1019 1960 fructus
1037 1929 1242 1969 percipiens,
1260 1929 1293 1960 et
1309 1928 1447 1959 demum
1464 1928 1590 1960 dictam
1608 1928 1690 1959 eccl.
1709 1937 1770 1968 pro
1784 1929 1983 1960 canonicatu
2001 1929 2033 1960 et
2050 1929 2152 1969 praeb.
2168 1930 2249 1961 eccl.

630 1992 658 2014 s.
677 1983 821 2015 Andreae
838 1982 1015 2014 Colonien.
1032 1983 1252 2023 permutavit,
1270 1982 1529 2022 dispensatione
1546 1991 1651 2022 super
1667 1982 1721 2013 his
1736 1982 1853 2022 aliqua
1871 1991 1938 2013 non
1955 1982 2103 2014 obtenta.
2124 1982 2178 2022 (V.
2197 1984 2247 2021 81,

630 2045 684 2077 ep.
704 2036 813 2075 2784.)

641 2118 646 2127 ,
677 2087 815 2120 23919.
833 2108 872 2112 -
891 2089 1055 2120 Guillelmo
1079 2089 1202 2127 Met-uli,
1221 2090 1301 2121 cler.
1324 2089 1576 2129 Mirapiscensi,
1594 2089 1704 2129 gratia
1721 2098 1818 2129 exsp.
1835 2098 1863 2120 s.
1881 2098 1909 2121 c.
1930 2090 1981 2128 (60
2003 2089 2027 2120 l.
2047 2091 2086 2130 t.)
2102 2090 2137 2121 in
2153 2090 2246 2123 civit.

628 2144 682 2176 vel
698 2144 745 2175 di.
764 2144 999 2179 Aurelianen„
1017 2144 1059 2174 ad
1075 2143 1188 2175 collat.
1209 2143 1277 2183 ep.i
1297 2143 1572 2180 Aurelianensis,
1591 2152 1668 2174 cum
1684 2143 1876 2174 cassatione
1891 2144 2007 2183 gratiae
2023 2144 2135 2175 benef.
2154 2145 2249 2176 simi-

627 2197 673 2229 lis
700 2198 742 2229 ad
764 2198 878 2229 collat.
902 2197 971 2236 ep.i
998 2197 1230 2237 Mirapiscen„
1257 2205 1332 2237 quae
1359 2196 1498 2228 omnino
1523 2196 1589 2227 sibi
1609 2197 1744 2228 inutilis
1765 2197 1881 2228 extitit
1900 2205 1960 2238 pro
1985 2206 2024 2229 eo
2042 2198 2133 2238 quod
2157 2198 2248 2230 idem

626 2259 727 2292 ep.us
750 2251 883 2282 nullum
905 2250 1050 2282 habebat
1074 2250 1186 2282 benef.
1212 2259 1240 2281 s.
1258 2260 1285 2282 c.
1305 2251 1339 2281 in
1366 2250 1440 2281 suis
1463 2250 1555 2281 civit.
1574 2250 1629 2282 vel
1654 2250 1714 2287 di.,
1740 2251 1782 2281 ad
1806 2259 1903 2282 suam
1928 2251 2043 2283 collat.
2064 2252 2190 2291 pertin.
2208 2270 2248 2276 —

625 2305 652 2337 Ι.
669 2314 698 2336 e.
714 2314 760 2336 m.
779 2314 807 2335 s.
828 2305 922 2336 Petri
935 2305 1088 2335 virorum
1107 2305 1140 2336 et
1156 2313 1184 2335 S.
1204 2303 1328 2335 Auiani
1345 2304 1567 2335 Aurelianen.
1582 2304 1732 2340 decanis.
1753 2313 1790 2335 ac
1805 2313 1908 2344 praep.
1926 2304 2145 2344 Mirapiscen.
2165 2306 2247 2337 eccl.

629 2359 683 2397 (A.
701 2360 752 2396 24,
773 2359 796 2389 f.
815 2360 876 2390 208
889 2363 918 2396 ι;
942 2358 979 2390 V.
996 2359 1048 2395 80,
1069 2367 1122 2398 ep.
1150 2359 1237 2397 266.)

673 2409 814 2442 23920.
834 2429 872 2435 -
890 2411 1019 2443 Matlzaeo
1043 2411 1080 2442 de
1104 2410 1237 2443 Velletro
1253 2420 1348 2451 prov.
1375 2420 1495 2442 canon.
1522 2411 1604 2442 eccl.
1630 2411 1814 2451 Legionen.
1837 2411 1902 2442 sub
1929 2421 2025 2452 exsp.
2045 2412 2150 2452 praeb.
2169 2421 2247 2444 cum

625 2465 871 2507 praestimoniis
898 2468 932 2497 et
958 2464 1286 2506 praestimonialibus
1312 2464 1528 2505 portionibus
1537 2474 1546 2502 ;
1572 2473 1639 2496 non
1665 2465 1753 2496 obst.
1785 2465 1821 2496 in
1848 2465 2036 2498 Bituricen.
2061 2466 2244 2498 archidiac.

625 2520 736 2552 Castri
752 2519 937 2560 Badulphi,
955 2520 1038 2551 etin
1050 2519 1124 2550 ead.
1140 2528 1178 2550 ac
1196 2519 1383 2551 Vellelren.
1402 2519 1484 2550 eccl.
1500 2527 1620 2550 canon.
1633 2519 1666 2550 et
1681 2518 1785 2558 praeb.
1803 2537 1841 2542 —
1854 2519 1882 2550 Ι.
1898 2528 1928 2551 e.
1942 2528 1987 2550 m.
2002 2519 2079 2551 abb.
2097 2521 2243 2552 monast.

625 2582 654 2605 s.
671 2573 811 2606 Ysidori
824 2573 1023 2614 Legionem,
1041 2575 1073 2605 et
1089 2582 1179 2613 mag.
1198 2573 1325 2605 Bosolo
1338 2573 1380 2604 de
1397 2572 1535 2608 Parma,
1551 2572 1747 2608 Belvacen.,
1764 2581 1802 2604 ac
1817 2573 1944 2605 Jacobo
1961 2573 2002 2605 de
2017 2574 2162 2612 Mutina,
2179 2574 2242 2606 Ca-

625 2636 793 2659 meracen.
807 2627 888 2659 eccl.
909 2636 982 2658 can.
998 2627 1053 2667 (A.
1070 2627 1122 2664 24,
1139 2627 1163 2658 f.
1180 2626 1282 2664 222b3
1303 2626 1339 2658 V.
1358 2627 1410 2664 80,
1427 2635 1479 2666 ep.
1499 2627 1585 2665 307.)

670 2678 812 2711 23921.
832 2698 870 2704 --
888 2680 1050 2711 Ber-nardo
1064 2680 1100 2711 de
1114 2679 1310 2721 Podiojusw,
1330 2688 1404 2711 can.
1422 2680 1570 2711 monast.
1587 2688 1614 2710 s.
1631 2680 1798 2718 Amantii,
1815 2680 1857 2712 Ο.
1875 2680 1910 2712 S.
1927 2681 1981 2718 B.,
1996 2681 2163 2712 Sarlaten.
2180 2681 2241 2719 di.,

623 2735 734 2775 gratia
761 2743 858 2775 exsp.
876 2734 1062 2775 prioratus,
1080 2733 1290 2769 administr.‚
1315 2733 1371 2765 off.
1395 2733 1450 2764 vel
1469 2733 1596 2771 benef„
1617 2742 1645 2764 c.
1668 2742 1696 2764 c.
1722 2733 1777 2765 vel
1800 2742 1827 2765 s.
1844 2743 1886 2771 c.,
1904 2734 1947 2765 ad
1974 2734 2088 2766 collat.
2110 2733 2186 2766 abb.
2209 2736 2242 2767 et

613 2797 721 2831 conv.
735 2789 883 2820 monast.
903 2788 944 2819 de
964 2788 1109 2826 Corona,
1124 2788 1164 2820 O.
1182 2788 1216 2820 S.
1233 2788 1288 2825 Α.,
1309 2787 1547 2827 Engolismen.
1567 2787 1628 2824 di.,
1640 2788 1672 2819 et
1689 2787 1845 2819 consueti
1863 2787 1941 2827 gub.
1958 2796 2021 2829 per
2036 2796 2109 2819 can.
2128 2788 2241 2828 ipsius

623 2843 785 2879 monast„
803 2842 846 2873 ad
863 2841 954 2882 quod
981 2850 1018 2873 se
1035 2841 1222 2873 transferre
1245 2842 1392 2878 tenetur,
1419 2849 1486 2881 quo
1513 2840 1651 2872 obtento
1677 2840 1814 2880 paroch.
1836 2840 1918 2872 eccl.
1946 2841 1987 2871 de
2013 2841 2239 2879 Archinacho‚

624 2895 722 2927 dictae
746 2895 914 2927 Sarlaten.
937 2895 997 2932 di.,
1015 2895 1152 2927 solltam
1174 2903 1235 2934 per
1257 2903 1331 2926 can.
1356 2894 1437 2926 dicti
1457 2895 1605 2926 monast.
1623 2902 1651 2925 s.
1672 2894 1823 2925 Amantii
1841 2893 1935 2934 gub„
1952 2894 2041 2934 (601.
2059 2895 2111 2933 t.),
2128 2894 2241 2926 dimit-

625 2949 697 2980 tere
714 2949 860 2980 tenetur.
878 2965 917 2970 —
937 2949 964 2980 Ι.
982 2957 1012 2980 e.
1029 2957 1075 2980 m.
1093 2957 1121 2980 s.
1135 2948 1259 2988 Papuli
1272 2949 1306 2980 et
1318 2947 1443 2980 Riven.
1467 2947 1567 2987 ep.is‚
1588 2956 1626 2979 ac
1644 2947 1816 2987 Stephano
1836 2947 1877 2978 de
1891 2947 2060 2987 Dyosid0‚
2083 2956 2156 2980 can.
2175 2948 2239 2979 Ca-

626 3003 756 3033 turcen.
779 3002 860 3034 eccl.
881 3002 930 3042 (A.
949 3003 1000 3039 24,
1020 3002 1043 3034 f.
1059 3003 1119 3034 2³4
1134 2996 1168 3038 ·;’
1187 3001 1224 3034 V.
1239 3002 1290 3039 80,
1302 3010 1356 3042 ep.
1373 3001 1461 3040 330.)
