<?xml version="1.0" encoding="UTF-8"?>
<!DOCTYPE html PUBLIC "-//W3C//DTD XHTML 1.0 Transitional//EN"
    "http://www.w3.org/TR/xhtml1/DTD/xhtml1-transitional.dtd">
<html xmlns="http://www.w3.org/1999/xhtml" xml:lang="en" lang="en">
 <head>
  <title>
</title>
<meta http-equiv="Content-Type" content="text/html;charset=utf-8" />
  <meta name='ocr-system' content='tesseract 3.04.00' />
  <meta name='ocr-capabilities' content='ocr_page ocr_carea ocr_par ocr_line ocrx_word'/>
</head>
<body>
  <div class='ocr_page' id='page_1' title='image "./lettrescommunes06romeuoft_0137.png"; bbox 0 0 2540 3496; ppageno 0'>
   <div class='ocr_carea' id='block_1_1' title="bbox 0 0 175 3496">
    <p class='ocr_par' dir='ltr' id='par_1_1' title="bbox 0 0 175 3496">
     <span class='ocr_line' id='line_1_1' title="bbox 0 0 175 3496; baseline 0 0"><span class='ocrx_word' id='word_1_1' title='bbox 0 0 175 3496; x_wconf 95' lang='lat' dir='ltr'> </span> 
     </span>
    </p>
   </div>
   <div class='ocr_carea' id='block_1_2' title="bbox 208 415 581 450">
    <p class='ocr_par' dir='ltr' id='par_1_2' title="bbox 208 415 581 450">
     <span class='ocr_line' id='line_1_2' title="bbox 208 415 581 450; baseline -0.003 -1"><span class='ocrx_word' id='word_1_2' title='bbox 208 421 314 449; x_wconf 78' lang='lat' dir='ltr'>Datum</span> <span class='ocrx_word' id='word_1_3' title='bbox 339 415 523 450; x_wconf 81' lang='lat' dir='ltr'>Avenione.</span> <span class='ocrx_word' id='word_1_4' title='bbox 578 426 581 430; x_wconf 92' lang='lat'><em>·</em></span> 
     </span>
    </p>
   </div>
   <div class='ocr_carea' id='block_1_3' title="bbox 182 737 554 773">
    <p class='ocr_par' dir='ltr' id='par_1_3' title="bbox 182 737 554 773">
     <span class='ocr_line' id='line_1_3' title="bbox 182 737 554 773; baseline 0 -7"><span class='ocrx_word' id='word_1_5' title='bbox 182 739 217 767; x_wconf 85' lang='grc' dir='ltr'><em>Η</em></span> <span class='ocrx_word' id='word_1_6' title='bbox 235 741 266 773; x_wconf 87' lang='lat' dir='ltr'>(v</span> <span class='ocrx_word' id='word_1_7' title='bbox 286 738 340 771; x_wconf 90' lang='lat' dir='ltr'>id.)</span> <span class='ocrx_word' id='word_1_8' title='bbox 358 741 442 766; x_wconf 78' lang='lat' dir='ltr'>mart.</span> <span class='ocrx_word' id='word_1_9' title='bbox 464 737 554 766; x_wconf 73' lang='lat'>4326.</span> 
     </span>
    </p>
   </div>
   <div class='ocr_carea' id='block_1_4' title="bbox 279 783 454 811">
    <p class='ocr_par' dir='ltr' id='par_1_4' title="bbox 279 783 454 811">
     <span class='ocr_line' id='line_1_4' title="bbox 279 783 454 811; baseline -0.006 0"><span class='ocrx_word' id='word_1_10' title='bbox 279 783 311 811; x_wconf 85' lang='grc' dir='ltr'>Τ.</span> <span class='ocrx_word' id='word_1_11' title='bbox 332 783 454 811; x_wconf 82' lang='lat' dir='ltr'><strong>XXVIII.</strong></span> 
     </span>
    </p>
   </div>
   <div class='ocr_carea' id='block_1_5' title="bbox 315 899 421 971">
    <p class='ocr_par' dir='ltr' id='par_1_5' title="bbox 315 899 421 971">
     <span class='ocr_line' id='line_1_5' title="bbox 328 899 404 927; baseline -0.013 0"><span class='ocrx_word' id='word_1_12' title='bbox 328 899 364 927; x_wconf 81' lang='lat' dir='ltr'>Ut</span> <span class='ocrx_word' id='word_1_13' title='bbox 381 908 404 926; x_wconf 84' lang='lat' dir='ltr'>s.</span> 
     </span>
     <span class='ocr_line' id='line_1_6' title="bbox 315 943 421 971; baseline 0.009 -1"><span class='ocrx_word' id='word_1_14' title='bbox 315 944 346 971; x_wconf 88' lang='grc' dir='ltr'>Τ.</span> <span class='ocrx_word' id='word_1_15' title='bbox 366 943 421 971; x_wconf 83' lang='lat' dir='ltr'>Lx.</span> 
     </span>
    </p>
   </div>
   <div class='ocr_carea' id='block_1_6' title="bbox 312 1005 420 1079">
    <p class='ocr_par' dir='ltr' id='par_1_6' title="bbox 312 1005 420 1079">
     <span class='ocr_line' id='line_1_7' title="bbox 322 1005 402 1036; baseline 0 -3"><span class='ocrx_word' id='word_1_16' title='bbox 322 1005 359 1033; x_wconf 83' lang='lat' dir='ltr'>Ut</span> <span class='ocrx_word' id='word_1_17' title='bbox 376 1014 402 1036; x_wconf 86' lang='lat' dir='ltr'>s.</span> 
     </span>
     <span class='ocr_line' id='line_1_8' title="bbox 312 1049 420 1079; baseline 0 -2"><span class='ocrx_word' id='word_1_18' title='bbox 312 1050 342 1079; x_wconf 89' lang='grc' dir='ltr'>Τ.</span> <span class='ocrx_word' id='word_1_19' title='bbox 364 1049 420 1078; x_wconf 83' lang='lat' dir='ltr'>LX.</span> 
     </span>
    </p>
   </div>
   <div class='ocr_carea' id='block_1_7' title="bbox 323 1113 406 1186">
    <p class='ocr_par' dir='ltr' id='par_1_7' title="bbox 323 1113 406 1186">
     <span class='ocr_line' id='line_1_9' title="bbox 323 1113 405 1141; baseline 0 0"><span class='ocrx_word' id='word_1_20' title='bbox 323 1113 361 1141; x_wconf 86' lang='lat' dir='ltr'>Ut</span> <span class='ocrx_word' id='word_1_21' title='bbox 381 1122 405 1141; x_wconf 86' lang='lat' dir='ltr'>s.</span> 
     </span>
     <span class='ocr_line' id='line_1_10' title="bbox 325 1158 406 1186; baseline 0.012 -1"><span class='ocrx_word' id='word_1_22' title='bbox 325 1158 356 1186; x_wconf 87' lang='lat' dir='ltr'>T.</span> <span class='ocrx_word' id='word_1_23' title='bbox 374 1158 406 1186; x_wconf 91' lang='lat' dir='ltr'>C.</span> 
     </span>
    </p>
   </div>
   <div class='ocr_carea' id='block_1_8' title="bbox 324 1273 404 1301">
    <p class='ocr_par' dir='ltr' id='par_1_8' title="bbox 324 1273 404 1301">
     <span class='ocr_line' id='line_1_11' title="bbox 324 1273 404 1301; baseline 0 0"><span class='ocrx_word' id='word_1_24' title='bbox 324 1273 360 1301; x_wconf 88' lang='lat' dir='ltr'>Ut</span> <span class='ocrx_word' id='word_1_25' title='bbox 380 1282 404 1301; x_wconf 75' lang='lat' dir='ltr'>s,</span> 
     </span>
    </p>
   </div>
   <div class='ocr_carea' id='block_1_9' title="bbox 322 2025 400 2052">
    <p class='ocr_par' dir='ltr' id='par_1_9' title="bbox 322 2025 400 2052">
     <span class='ocr_line' id='line_1_12' title="bbox 322 2025 400 2052; baseline -0.013 0"><span class='ocrx_word' id='word_1_26' title='bbox 322 2025 357 2052; x_wconf 85' lang='lat' dir='ltr'>Ut</span> <span class='ocrx_word' id='word_1_27' title='bbox 377 2033 400 2052; x_wconf 93' lang='lat' dir='ltr'>s.</span> 
     </span>
    </p>
   </div>
   <div class='ocr_carea' id='block_1_10' title="bbox 269 2239 455 2318">
    <p class='ocr_par' dir='ltr' id='par_1_10' title="bbox 269 2239 455 2318">
     <span class='ocr_line' id='line_1_13' title="bbox 321 2239 402 2267; baseline 0 0"><span class='ocrx_word' id='word_1_28' title='bbox 321 2239 358 2267; x_wconf 85' lang='lat' dir='ltr'>Ut</span> <span class='ocrx_word' id='word_1_29' title='bbox 378 2248 402 2267; x_wconf 90' lang='lat' dir='ltr'>s.</span> 
     </span>
     <span class='ocr_line' id='line_1_14' title="bbox 269 2283 455 2318; baseline 0.011 -7"><span class='ocrx_word' id='word_1_30' title='bbox 269 2283 300 2312; x_wconf 89' lang='lat' dir='ltr'>T.</span> <span class='ocrx_word' id='word_1_31' title='bbox 318 2284 364 2318; x_wconf 86' lang='lat' dir='ltr'>XI,</span> <span class='ocrx_word' id='word_1_32' title='bbox 383 2285 455 2313; x_wconf 85' lang='lat' dir='ltr'><strong>XIII.</strong></span> 
     </span>
    </p>
   </div>
   <div class='ocr_carea' id='block_1_11' title="bbox 267 2400 456 2480">
    <p class='ocr_par' dir='ltr' id='par_1_11' title="bbox 267 2400 456 2480">
     <span class='ocr_line' id='line_1_15' title="bbox 323 2400 400 2429; baseline 0.013 -1"><span class='ocrx_word' id='word_1_33' title='bbox 323 2400 359 2429; x_wconf 88' lang='lat' dir='ltr'>Ut</span> <span class='ocrx_word' id='word_1_34' title='bbox 375 2409 400 2429; x_wconf 81' lang='lat' dir='ltr'>s.</span> 
     </span>
     <span class='ocr_line' id='line_1_16' title="bbox 267 2445 456 2480; baseline 0.011 -8"><span class='ocrx_word' id='word_1_35' title='bbox 267 2445 299 2473; x_wconf 88' lang='lat' dir='ltr'>T.</span> <span class='ocrx_word' id='word_1_36' title='bbox 320 2445 366 2480; x_wconf 81' lang='lat' dir='ltr'>XI,</span> <span class='ocrx_word' id='word_1_37' title='bbox 384 2445 456 2474; x_wconf 86' lang='lat' dir='ltr'><strong>XIII.</strong></span> 
     </span>
    </p>
   </div>
   <div class='ocr_carea' id='block_1_12' title="bbox 177 2614 549 2651">
    <p class='ocr_par' dir='ltr' id='par_1_12' title="bbox 177 2614 549 2651">
     <span class='ocr_line' id='line_1_17' title="bbox 177 2614 549 2651; baseline 0.013 -10"><span class='ocrx_word' id='word_1_38' title='bbox 177 2614 216 2642; x_wconf 75' lang='lat'>12</span> <span class='ocrx_word' id='word_1_39' title='bbox 227 2615 271 2651; x_wconf 79' lang='lat' dir='ltr'>(iv</span> <span class='ocrx_word' id='word_1_40' title='bbox 289 2614 342 2650; x_wconf 85' lang='lat' dir='ltr'>id.)</span> <span class='ocrx_word' id='word_1_41' title='bbox 358 2620 442 2644; x_wconf 75' lang='lat' dir='ltr'>mart.</span> <span class='ocrx_word' id='word_1_42' title='bbox 458 2616 549 2646; x_wconf 74' lang='lat'>1326.</span> 
     </span>
    </p>
   </div>
   <div class='ocr_carea' id='block_1_13' title="bbox 268 2661 451 2696">
    <p class='ocr_par' dir='ltr' id='par_1_13' title="bbox 268 2661 451 2696">
     <span class='ocr_line' id='line_1_18' title="bbox 268 2661 451 2696; baseline 0.011 -8"><span class='ocrx_word' id='word_1_43' title='bbox 268 2661 300 2688; x_wconf 83' lang='lat' dir='ltr'>T.</span> <span class='ocrx_word' id='word_1_44' title='bbox 315 2661 362 2696; x_wconf 83' lang='lat' dir='ltr'>xl,</span> <span class='ocrx_word' id='word_1_45' title='bbox 379 2661 451 2690; x_wconf 84' lang='lat' dir='ltr'>xm.</span> 
     </span>
    </p>
   </div>
   <div class='ocr_carea' id='block_1_14' title="bbox 576 324 2225 366">
    <p class='ocr_par' dir='ltr' id='par_1_14' title="bbox 576 324 2225 366">
     <span class='ocr_line' id='line_1_19' title="bbox 576 324 2225 366; baseline -0.002 -6"><span class='ocrx_word' id='word_1_46' title='bbox 576 325 751 360; x_wconf 81' lang='lat' dir='ltr'><strong>JOANNIS</strong></span> <span class='ocrx_word' id='word_1_47' title='bbox 775 328 895 359; x_wconf 79' lang='lat' dir='ltr'>PAPAE</span> <span class='ocrx_word' id='word_1_48' title='bbox 918 328 1018 359; x_wconf 90' lang='lat' dir='ltr'><strong>XXII.</strong></span> <span class='ocrx_word' id='word_1_49' title='bbox 1045 328 1294 366; x_wconf 68' lang='lat'>(1316-1334).</span> <span class='ocrx_word' id='word_1_50' title='bbox 1319 344 1357 349; x_wconf 91' lang='grc'>--</span> <span class='ocrx_word' id='word_1_51' title='bbox 1380 325 1567 357; x_wconf 75' lang='lat' dir='ltr'>LITTERAE</span> <span class='ocrx_word' id='word_1_52' title='bbox 1590 324 1817 356; x_wconf 83' lang='lat' dir='ltr'><strong>COMMUNES</strong></span> <span class='ocrx_word' id='word_1_53' title='bbox 2167 327 2225 356; x_wconf 81' lang='grc'>127</span> 
     </span>
    </p>
   </div>
   <div class='ocr_carea' id='block_1_15' title="bbox 611 517 2225 1314">
    <p class='ocr_par' dir='ltr' id='par_1_15' title="bbox 612 517 2225 722">
     <span class='ocr_line' id='line_1_20' title="bbox 613 517 2222 560; baseline -0.001 -8"><span class='ocrx_word' id='word_1_54' title='bbox 613 521 672 559; x_wconf 90' lang='lat' dir='ltr'>di.,</span> <span class='ocrx_word' id='word_1_55' title='bbox 691 529 763 552; x_wconf 84' lang='lat' dir='ltr'>vac.</span> <span class='ocrx_word' id='word_1_56' title='bbox 786 530 845 560; x_wconf 90' lang='lat' dir='ltr'>per</span> <span class='ocrx_word' id='word_1_57' title='bbox 869 520 1069 552; x_wconf 83' lang='lat' dir='ltr'>electionem</span> <span class='ocrx_word' id='word_1_58' title='bbox 1090 519 1263 551; x_wconf 83' lang='lat' dir='ltr'>Francisci</span> <span class='ocrx_word' id='word_1_59' title='bbox 1289 518 1332 549; x_wconf 86' lang='lat' dir='ltr'>ad</span> <span class='ocrx_word' id='word_1_60' title='bbox 1357 517 1528 549; x_wconf 84' lang='lat' dir='ltr'>abbatiam</span> <span class='ocrx_word' id='word_1_61' title='bbox 1552 520 1698 549; x_wconf 71' lang='lat' dir='ltr'>monast.</span> <span class='ocrx_word' id='word_1_62' title='bbox 1719 527 1746 549; x_wconf 81' lang='lat' dir='ltr'>s,</span> <span class='ocrx_word' id='word_1_63' title='bbox 1766 518 1942 550; x_wconf 82' lang='lat' dir='ltr'>Laurentii</span> <span class='ocrx_word' id='word_1_64' title='bbox 1962 519 2140 557; x_wconf 79' lang='lat' dir='ltr'>Aversan.‚</span> <span class='ocrx_word' id='word_1_65' title='bbox 2157 523 2222 553; x_wconf 86' lang='lat' dir='ltr'>eid.</span> 
     </span>
     <span class='ocr_line' id='line_1_21' title="bbox 612 571 2225 614; baseline -0.001 -7"><span class='ocrx_word' id='word_1_66' title='bbox 612 575 654 607; x_wconf 90' lang='lat' dir='ltr'>R.</span> <span class='ocrx_word' id='word_1_67' title='bbox 682 574 721 605; x_wconf 90' lang='lat' dir='ltr'>E.</span> <span class='ocrx_word' id='word_1_68' title='bbox 747 574 942 606; x_wconf 84' lang='lat' dir='ltr'>immediate</span> <span class='ocrx_word' id='word_1_69' title='bbox 961 573 1119 613; x_wconf 78' lang='lat' dir='ltr'>subJecli,</span> <span class='ocrx_word' id='word_1_70' title='bbox 1143 572 1275 613; x_wconf 80' lang='lat' dir='ltr'>praefati</span> <span class='ocrx_word' id='word_1_71' title='bbox 1293 573 1380 609; x_wconf 85' lang='lat' dir='ltr'>ord.,</span> <span class='ocrx_word' id='word_1_72' title='bbox 1399 580 1473 612; x_wconf 86' lang='lat' dir='ltr'>quae</span> <span class='ocrx_word' id='word_1_73' title='bbox 1496 580 1556 611; x_wconf 86' lang='lat' dir='ltr'>per</span> <span class='ocrx_word' id='word_1_74' title='bbox 1573 571 1685 611; x_wconf 90' lang='lat' dir='ltr'>ipsius</span> <span class='ocrx_word' id='word_1_75' title='bbox 1703 578 1799 603; x_wconf 83' lang='lat' dir='ltr'>conv:</span> <span class='ocrx_word' id='word_1_76' title='bbox 1820 572 1989 604; x_wconf 84' lang='lat' dir='ltr'>celebrata</span> <span class='ocrx_word' id='word_1_77' title='bbox 2003 575 2035 605; x_wconf 86' lang='lat' dir='ltr'>et</span> <span class='ocrx_word' id='word_1_78' title='bbox 2051 583 2111 614; x_wconf 85' lang='lat' dir='ltr'>per</span> <span class='ocrx_word' id='word_1_79' title='bbox 2128 576 2166 606; x_wconf 90' lang='lat' dir='ltr'>P.</span> <span class='ocrx_word' id='word_1_80' title='bbox 2186 576 2225 606; x_wconf 90' lang='lat' dir='ltr'>P.</span> 
     </span>
     <span class='ocr_line' id='line_1_22' title="bbox 613 625 2223 666; baseline 0.001 -7"><span class='ocrx_word' id='word_1_81' title='bbox 613 628 812 660; x_wconf 78' lang='lat' dir='ltr'>confirmata</span> <span class='ocrx_word' id='word_1_82' title='bbox 836 628 912 659; x_wconf 86' lang='lat' dir='ltr'>fuit.</span> <span class='ocrx_word' id='word_1_83' title='bbox 930 645 968 651; x_wconf 89' lang='lat'>-—</span> <span class='ocrx_word' id='word_1_84' title='bbox 987 627 1013 658; x_wconf 92' lang='lat'>1.</span> <span class='ocrx_word' id='word_1_85' title='bbox 1033 636 1062 658; x_wconf 86' lang='lat' dir='ltr'>e.</span> <span class='ocrx_word' id='word_1_86' title='bbox 1082 636 1128 658; x_wconf 89' lang='lat' dir='ltr'>m.</span> <span class='ocrx_word' id='word_1_87' title='bbox 1146 626 1265 666; x_wconf 84' lang='lat' dir='ltr'>priori,</span> <span class='ocrx_word' id='word_1_88' title='bbox 1283 634 1379 657; x_wconf 78' lang='lat' dir='ltr'>eonV.</span> <span class='ocrx_word' id='word_1_89' title='bbox 1397 627 1430 657; x_wconf 89' lang='lat' dir='ltr'>et</span> <span class='ocrx_word' id='word_1_90' title='bbox 1446 625 1607 656; x_wconf 87' lang='lat' dir='ltr'>vassallis</span> <span class='ocrx_word' id='word_1_91' title='bbox 1623 625 1705 656; x_wconf 77' lang='lat' dir='ltr'>dicti</span> <span class='ocrx_word' id='word_1_92' title='bbox 1722 626 1922 658; x_wconf 79' lang='lat' dir='ltr'>monasterii</span> <span class='ocrx_word' id='word_1_93' title='bbox 1940 627 1980 658; x_wconf 90' lang='lat' dir='ltr'>de</span> <span class='ocrx_word' id='word_1_94' title='bbox 1996 627 2138 665; x_wconf 69' lang='lat' dir='ltr'>Calena,</span> <span class='ocrx_word' id='word_1_95' title='bbox 2156 630 2223 661; x_wconf 74' lang='lat' dir='ltr'>Ro-</span> 
     </span>
     <span class='ocr_line' id='line_1_23' title="bbox 613 679 1565 722; baseline -0.006 -8"><span class='ocrx_word' id='word_1_96' title='bbox 613 681 709 714; x_wconf 82' lang='lat' dir='ltr'>herto</span> <span class='ocrx_word' id='word_1_97' title='bbox 725 682 796 722; x_wconf 86' lang='lat' dir='ltr'>regi</span> <span class='ocrx_word' id='word_1_98' title='bbox 813 681 949 713; x_wconf 76' lang='lat' dir='ltr'>Siclliae.</span> <span class='ocrx_word' id='word_1_99' title='bbox 970 681 1022 720; x_wconf 89' lang='lat' dir='ltr'>(A.</span> <span class='ocrx_word' id='word_1_100' title='bbox 1038 682 1088 717; x_wconf 77' lang='grc'>24,</span> <span class='ocrx_word' id='word_1_101' title='bbox 1105 681 1128 711; x_wconf 83' lang='lat' dir='ltr'>f.</span> <span class='ocrx_word' id='word_1_102' title='bbox 1142 682 1202 712; x_wconf 82' lang='lat'>525</span> <span class='ocrx_word' id='word_1_103' title='bbox 1216 685 1247 716; x_wconf 77' lang='lat'>²;</span> <span class='ocrx_word' id='word_1_104' title='bbox 1271 679 1304 709; x_wconf 91' lang='lat' dir='ltr'>V.</span> <span class='ocrx_word' id='word_1_105' title='bbox 1320 680 1370 717; x_wconf 88' lang='grc'>80,</span> <span class='ocrx_word' id='word_1_106' title='bbox 1389 688 1441 719; x_wconf 89' lang='lat' dir='ltr'>ep.</span> <span class='ocrx_word' id='word_1_107' title='bbox 1461 680 1565 719; x_wconf 75' lang='grc'>1034.)</span> 
     </span>
    </p>

    <p class='ocr_par' dir='ltr' id='par_1_16' title="bbox 612 732 2225 884">
     <span class='ocr_line' id='line_1_24' title="bbox 657 732 2225 776; baseline 0.002 -10"><span class='ocrx_word' id='word_1_108' title='bbox 657 732 796 766; x_wconf 86' lang='grc'>24637.</span> <span class='ocrx_word' id='word_1_109' title='bbox 815 753 855 758; x_wconf 89' lang='grc'><strong>-</strong></span> <span class='ocrx_word' id='word_1_110' title='bbox 871 734 1027 766; x_wconf 81' lang='lat' dir='ltr'>Balduino</span> <span class='ocrx_word' id='word_1_111' title='bbox 1046 734 1207 776; x_wconf 80' lang='lat' dir='ltr'>archiep.o</span> <span class='ocrx_word' id='word_1_112' title='bbox 1229 733 1405 764; x_wconf 83' lang='lat' dir='ltr'>Treverensi</span> <span class='ocrx_word' id='word_1_113' title='bbox 1421 733 1522 764; x_wconf 84' lang='lat' dir='ltr'>facul.</span> <span class='ocrx_word' id='word_1_114' title='bbox 1540 733 1762 772; x_wconf 86' lang='lat' dir='ltr'>dispensandi</span> <span class='ocrx_word' id='word_1_115' title='bbox 1778 742 1798 763; x_wconf 87' lang='lat' dir='ltr'>v</span> <span class='ocrx_word' id='word_1_116' title='bbox 1814 742 1905 774; x_wconf 83' lang='lat' dir='ltr'>pers.</span> <span class='ocrx_word' id='word_1_117' title='bbox 1925 744 2063 767; x_wconf 85' lang='lat' dir='ltr'>suarum</span> <span class='ocrx_word' id='word_1_118' title='bbox 2081 737 2173 768; x_wconf 87' lang='lat' dir='ltr'>civit.</span> <span class='ocrx_word' id='word_1_119' title='bbox 2190 741 2225 770; x_wconf 77' lang='lat' dir='ltr'>et</span> 
     </span>
     <span class='ocr_line' id='line_1_25' title="bbox 612 786 2224 831; baseline 0.002 -11"><span class='ocrx_word' id='word_1_120' title='bbox 612 789 672 826; x_wconf 90' lang='lat' dir='ltr'>di.,</span> <span class='ocrx_word' id='word_1_121' title='bbox 689 789 729 820; x_wconf 89' lang='lat' dir='ltr'>de</span> <span class='ocrx_word' id='word_1_122' title='bbox 749 789 873 821; x_wconf 84' lang='lat' dir='ltr'>solutis</span> <span class='ocrx_word' id='word_1_123' title='bbox 892 788 1036 831; x_wconf 86' lang='lat' dir='ltr'>genitas,</span> <span class='ocrx_word' id='word_1_124' title='bbox 1049 789 1088 819; x_wconf 81' lang='lat' dir='ltr'>ut</span> <span class='ocrx_word' id='word_1_125' title='bbox 1102 788 1144 819; x_wconf 87' lang='lat' dir='ltr'>ad</span> <span class='ocrx_word' id='word_1_126' title='bbox 1157 796 1276 819; x_wconf 88' lang='lat' dir='ltr'>omnes</span> <span class='ocrx_word' id='word_1_127' title='bbox 1292 787 1364 818; x_wconf 89' lang='lat' dir='ltr'>ord.</span> <span class='ocrx_word' id='word_1_128' title='bbox 1380 787 1574 826; x_wconf 89' lang='lat' dir='ltr'>promoveri</span> <span class='ocrx_word' id='word_1_129' title='bbox 1592 788 1624 818; x_wconf 87' lang='lat' dir='ltr'>et</span> <span class='ocrx_word' id='word_1_130' title='bbox 1641 786 1843 819; x_wconf 84' lang='lat' dir='ltr'>beneficium</span> <span class='ocrx_word' id='word_1_131' title='bbox 1859 788 1961 820; x_wconf 83' lang='lat' dir='ltr'>etiam</span> <span class='ocrx_word' id='word_1_132' title='bbox 1980 798 2008 821; x_wconf 84' lang='lat' dir='ltr'>c.</span> <span class='ocrx_word' id='word_1_133' title='bbox 2023 799 2052 821; x_wconf 85' lang='grc'>0.</span> <span class='ocrx_word' id='word_1_134' title='bbox 2071 790 2224 823; x_wconf 85' lang='lat' dir='ltr'>obtinere</span> 
     </span>
     <span class='ocr_line' id='line_1_26' title="bbox 612 840 1783 884; baseline -0.006 -11"><span class='ocrx_word' id='word_1_135' title='bbox 612 842 760 874; x_wconf 84' lang='lat' dir='ltr'>valeant.</span> <span class='ocrx_word' id='word_1_136' title='bbox 781 842 836 884; x_wconf 89' lang='lat' dir='ltr'>(A.</span> <span class='ocrx_word' id='word_1_137' title='bbox 853 844 903 879; x_wconf 76' lang='grc'>24,</span> <span class='ocrx_word' id='word_1_138' title='bbox 920 842 943 873; x_wconf 91' lang='lat' dir='ltr'>f.</span> <span class='ocrx_word' id='word_1_139' title='bbox 960 843 1020 874; x_wconf 79' lang='grc'>660</span> <span class='ocrx_word' id='word_1_140' title='bbox 1032 847 1060 878; x_wconf 74' lang='lat'>¹3</span> <span class='ocrx_word' id='word_1_141' title='bbox 1080 841 1116 872; x_wconf 92' lang='lat' dir='ltr'>V.</span> <span class='ocrx_word' id='word_1_142' title='bbox 1134 842 1187 878; x_wconf 69' lang='grc'>89,</span> <span class='ocrx_word' id='word_1_143' title='bbox 1204 849 1256 880; x_wconf 95' lang='lat' dir='ltr'>ep.</span> <span class='ocrx_word' id='word_1_144' title='bbox 1276 840 1379 879; x_wconf 86' lang='grc'>1379.)</span> <span class='ocrx_word' id='word_1_145' title='bbox 1781 864 1783 866; x_wconf 87' lang='grc'><em>,</em></span> 
     </span>
    </p>

    <p class='ocr_par' dir='ltr' id='par_1_17' title="bbox 611 892 2222 988">
     <span class='ocr_line' id='line_1_27' title="bbox 657 892 2222 933; baseline 0.004 -8"><span class='ocrx_word' id='word_1_146' title='bbox 657 892 796 926; x_wconf 85' lang='grc'>24638.</span> <span class='ocrx_word' id='word_1_147' title='bbox 813 914 851 920; x_wconf 82' lang='lat'>—</span> <span class='ocrx_word' id='word_1_148' title='bbox 869 894 980 926; x_wconf 82' lang='lat' dir='ltr'>Eidem</span> <span class='ocrx_word' id='word_1_149' title='bbox 1001 893 1267 926; x_wconf 76' lang='lat' dir='ltr'>facul.·faciendi</span> <span class='ocrx_word' id='word_1_150' title='bbox 1290 893 1396 933; x_wconf 87' lang='lat' dir='ltr'>recipi</span> <span class='ocrx_word' id='word_1_151' title='bbox 1422 902 1441 923; x_wconf 96' lang='lat' dir='ltr'>v</span> <span class='ocrx_word' id='word_1_152' title='bbox 1461 902 1550 933; x_wconf 79' lang='lat' dir='ltr'>pere.</span> <span class='ocrx_word' id='word_1_153' title='bbox 1572 893 1712 925; x_wconf 89' lang='lat' dir='ltr'>idoneas</span> <span class='ocrx_word' id='word_1_154' title='bbox 1734 894 1768 925; x_wconf 90' lang='lat' dir='ltr'>in</span> <span class='ocrx_word' id='word_1_155' title='bbox 1789 895 1972 927; x_wconf 86' lang='lat' dir='ltr'>monachas</span> <span class='ocrx_word' id='word_1_156' title='bbox 1991 898 2132 929; x_wconf 87' lang='lat' dir='ltr'>totidem</span> <span class='ocrx_word' id='word_1_157' title='bbox 2154 908 2222 932; x_wconf 87' lang='lat' dir='ltr'>mo·</span> 
     </span>
     <span class='ocr_line' id='line_1_28' title="bbox 611 946 1908 988; baseline 0 -8"><span class='ocrx_word' id='word_1_158' title='bbox 611 951 700 980; x_wconf 84' lang='lat' dir='ltr'>nast.</span> <span class='ocrx_word' id='word_1_159' title='bbox 719 949 923 981; x_wconf 86' lang='lat' dir='ltr'>monialium</span> <span class='ocrx_word' id='word_1_160' title='bbox 939 949 1050 988; x_wconf 89' lang='lat' dir='ltr'>ipsius</span> <span class='ocrx_word' id='word_1_161' title='bbox 1070 948 1163 978; x_wconf 87' lang='lat' dir='ltr'>civit.</span> <span class='ocrx_word' id='word_1_162' title='bbox 1179 949 1212 978; x_wconf 92' lang='lat' dir='ltr'>et</span> <span class='ocrx_word' id='word_1_163' title='bbox 1228 947 1275 977; x_wconf 89' lang='lat' dir='ltr'>di.</span> <span class='ocrx_word' id='word_1_164' title='bbox 1297 946 1349 986; x_wconf 86' lang='lat' dir='ltr'>(A.</span> <span class='ocrx_word' id='word_1_165' title='bbox 1372 947 1422 984; x_wconf 79' lang='lat'>24,</span> <span class='ocrx_word' id='word_1_166' title='bbox 1442 947 1464 977; x_wconf 84' lang='lat' dir='ltr'>f.</span> <span class='ocrx_word' id='word_1_167' title='bbox 1483 947 1545 978; x_wconf 87' lang='grc'>660</span> <span class='ocrx_word' id='word_1_168' title='bbox 1561 951 1590 984; x_wconf 74' lang='lat'>⁸;</span> <span class='ocrx_word' id='word_1_169' title='bbox 1614 947 1645 978; x_wconf 92' lang='lat' dir='ltr'>V.</span> <span class='ocrx_word' id='word_1_170' title='bbox 1666 948 1718 985; x_wconf 87' lang='lat'>80,</span> <span class='ocrx_word' id='word_1_171' title='bbox 1733 956 1787 987; x_wconf 90' lang='lat' dir='ltr'>ep.</span> <span class='ocrx_word' id='word_1_172' title='bbox 1806 949 1908 988; x_wconf 90' lang='grc'>1380.)</span> 
     </span>
    </p>

    <p class='ocr_par' dir='ltr' id='par_1_18' title="bbox 611 999 2219 1096">
     <span class='ocr_line' id='line_1_29' title="bbox 656 999 2219 1040; baseline 0.004 -9"><span class='ocrx_word' id='word_1_173' title='bbox 656 999 792 1032; x_wconf 81' lang='grc'>24639.</span> <span class='ocrx_word' id='word_1_174' title='bbox 819 1020 859 1025; x_wconf 89' lang='lat'>-</span> <span class='ocrx_word' id='word_1_175' title='bbox 884 1002 996 1033; x_wconf 82' lang='lat' dir='ltr'>Eidem</span> <span class='ocrx_word' id='word_1_176' title='bbox 1019 1001 1146 1032; x_wconf 89' lang='lat' dir='ltr'>similis</span> <span class='ocrx_word' id='word_1_177' title='bbox 1165 1000 1266 1031; x_wconf 82' lang='lat' dir='ltr'>facul.</span> <span class='ocrx_word' id='word_1_178' title='bbox 1283 1008 1345 1040; x_wconf 88' lang='lat' dir='ltr'>pro</span> <span class='ocrx_word' id='word_1_179' title='bbox 1364 1000 1557 1039; x_wconf 80' lang='lat' dir='ltr'>receptione</span> <span class='ocrx_word' id='word_1_180' title='bbox 1577 1009 1597 1031; x_wconf 92' lang='lat' dir='ltr'>v</span> <span class='ocrx_word' id='word_1_181' title='bbox 1618 1009 1708 1040; x_wconf 86' lang='lat' dir='ltr'>pers.</span> <span class='ocrx_word' id='word_1_182' title='bbox 1732 1001 1767 1031; x_wconf 91' lang='lat' dir='ltr'>in</span> <span class='ocrx_word' id='word_1_183' title='bbox 1787 1002 1927 1034; x_wconf 89' lang='lat' dir='ltr'>totidem</span> <span class='ocrx_word' id='word_1_184' title='bbox 1946 1006 2089 1036; x_wconf 88' lang='lat' dir='ltr'>monast.</span> <span class='ocrx_word' id='word_1_185' title='bbox 2108 1015 2219 1038; x_wconf 86' lang='lat' dir='ltr'>mona-</span> 
     </span>
     <span class='ocr_line' id='line_1_30' title="bbox 611 1052 1718 1096; baseline -0.003 -9"><span class='ocrx_word' id='word_1_186' title='bbox 611 1056 750 1087; x_wconf 91' lang='lat' dir='ltr'>chorum</span> <span class='ocrx_word' id='word_1_187' title='bbox 765 1056 876 1096; x_wconf 90' lang='lat' dir='ltr'>ipsius</span> <span class='ocrx_word' id='word_1_188' title='bbox 890 1055 983 1086; x_wconf 86' lang='lat' dir='ltr'>civit.</span> <span class='ocrx_word' id='word_1_189' title='bbox 999 1057 1032 1086; x_wconf 85' lang='lat' dir='ltr'>et</span> <span class='ocrx_word' id='word_1_190' title='bbox 1045 1054 1091 1086; x_wconf 90' lang='lat' dir='ltr'>di.</span> <span class='ocrx_word' id='word_1_191' title='bbox 1109 1054 1162 1095; x_wconf 88' lang='lat' dir='ltr'>(A.</span> <span class='ocrx_word' id='word_1_192' title='bbox 1183 1055 1234 1090; x_wconf 79' lang='grc'>24,</span> <span class='ocrx_word' id='word_1_193' title='bbox 1252 1053 1274 1084; x_wconf 86' lang='lat' dir='ltr'>f.</span> <span class='ocrx_word' id='word_1_194' title='bbox 1289 1054 1350 1086; x_wconf 80' lang='lat'>660</span> <span class='ocrx_word' id='word_1_195' title='bbox 1367 1058 1398 1090; x_wconf 70' lang='lat'>⁸3</span> <span class='ocrx_word' id='word_1_196' title='bbox 1423 1052 1456 1083; x_wconf 89' lang='lat' dir='ltr'>V.</span> <span class='ocrx_word' id='word_1_197' title='bbox 1474 1054 1525 1090; x_wconf 87' lang='grc'>80,</span> <span class='ocrx_word' id='word_1_198' title='bbox 1541 1062 1594 1093; x_wconf 89' lang='lat' dir='ltr'>ep.</span> <span class='ocrx_word' id='word_1_199' title='bbox 1614 1054 1718 1093; x_wconf 89' lang='grc'>1381.)</span> 
     </span>
    </p>

    <p class='ocr_par' dir='ltr' id='par_1_19' title="bbox 612 1106 2222 1257">
     <span class='ocr_line' id='line_1_31' title="bbox 658 1106 2220 1155; baseline 0.005 -17"><span class='ocrx_word' id='word_1_200' title='bbox 658 1106 796 1138; x_wconf 82' lang='grc'>24640.</span> <span class='ocrx_word' id='word_1_201' title='bbox 811 1128 849 1132; x_wconf 93' lang='grc'>-</span> <span class='ocrx_word' id='word_1_202' title='bbox 867 1108 978 1139; x_wconf 86' lang='lat' dir='ltr'>Eidem</span> <span class='ocrx_word' id='word_1_203' title='bbox 993 1108 1137 1139; x_wconf 81' lang='lat' dir='ltr'>facultas</span> <span class='ocrx_word' id='word_1_204' title='bbox 1158 1107 1303 1138; x_wconf 83' lang='lat' dir='ltr'>faciendi</span> <span class='ocrx_word' id='word_1_205' title='bbox 1323 1107 1429 1146; x_wconf 83' lang='lat' dir='ltr'>recipi</span> <span class='ocrx_word' id='word_1_206' title='bbox 1447 1106 1482 1137; x_wconf 91' lang='lat' dir='ltr'>in</span> <span class='ocrx_word' id='word_1_207' title='bbox 1501 1115 1564 1138; x_wconf 89' lang='lat' dir='ltr'>sua</span> <span class='ocrx_word' id='word_1_208' title='bbox 1584 1107 1768 1139; x_wconf 86' lang='lat' dir='ltr'>Treveren.</span> <span class='ocrx_word' id='word_1_209' title='bbox 1795 1110 1828 1140; x_wconf 85' lang='lat' dir='ltr'>et</span> <span class='ocrx_word' id='word_1_210' title='bbox 1846 1110 1990 1150; x_wconf 88' lang='lat' dir='ltr'>singulis</span> <span class='ocrx_word' id='word_1_211' title='bbox 2007 1112 2086 1144; x_wconf 84' lang='lat' dir='ltr'>aliis</span> <span class='ocrx_word' id='word_1_212' title='bbox 2102 1114 2220 1155; x_wconf 82' lang='lat' dir='ltr'>colleg.</span> 
     </span>
     <span class='ocr_line' id='line_1_32' title="bbox 612 1160 2222 1206; baseline 0.004 -12"><span class='ocrx_word' id='word_1_213' title='bbox 612 1163 693 1194; x_wconf 86' lang='lat' dir='ltr'>eccl.</span> <span class='ocrx_word' id='word_1_214' title='bbox 714 1163 826 1203; x_wconf 86' lang='lat' dir='ltr'>ipsius</span> <span class='ocrx_word' id='word_1_215' title='bbox 839 1162 933 1194; x_wconf 88' lang='lat' dir='ltr'>civit.</span> <span class='ocrx_word' id='word_1_216' title='bbox 950 1164 982 1194; x_wconf 92' lang='lat' dir='ltr'>et</span> <span class='ocrx_word' id='word_1_217' title='bbox 998 1162 1044 1193; x_wconf 89' lang='lat' dir='ltr'>di.</span> <span class='ocrx_word' id='word_1_218' title='bbox 1059 1161 1202 1193; x_wconf 76' lang='lat' dir='ltr'>totidem</span> <span class='ocrx_word' id='word_1_219' title='bbox 1220 1169 1311 1201; x_wconf 89' lang='lat' dir='ltr'>pers.</span> <span class='ocrx_word' id='word_1_220' title='bbox 1330 1160 1471 1191; x_wconf 85' lang='lat' dir='ltr'>idoneas</span> <span class='ocrx_word' id='word_1_221' title='bbox 1485 1160 1520 1191; x_wconf 89' lang='lat' dir='ltr'>in</span> <span class='ocrx_word' id='word_1_222' title='bbox 1533 1169 1606 1191; x_wconf 83' lang='lat' dir='ltr'>can.</span> <span class='ocrx_word' id='word_1_223' title='bbox 1627 1160 1690 1192; x_wconf 90' lang='lat' dir='ltr'>sub</span> <span class='ocrx_word' id='word_1_224' title='bbox 1706 1170 1801 1202; x_wconf 85' lang='lat' dir='ltr'>exsp.</span> <span class='ocrx_word' id='word_1_225' title='bbox 1821 1163 1925 1202; x_wconf 79' lang='lat' dir='ltr'>praeb.</span> <span class='ocrx_word' id='word_1_226' title='bbox 1946 1165 1997 1202; x_wconf 83' lang='lat' dir='ltr'>(A.</span> <span class='ocrx_word' id='word_1_227' title='bbox 2016 1167 2068 1206; x_wconf 84' lang='lat'>25,</span> <span class='ocrx_word' id='word_1_228' title='bbox 2086 1167 2108 1197; x_wconf 85' lang='lat' dir='ltr'>f.</span> <span class='ocrx_word' id='word_1_229' title='bbox 2124 1169 2222 1206; x_wconf 83' lang='lat'>660·;</span> 
     </span>
     <span class='ocr_line' id='line_1_33' title="bbox 616 1215 919 1257; baseline -0.003 -10"><span class='ocrx_word' id='word_1_230' title='bbox 616 1216 649 1248; x_wconf 88' lang='lat' dir='ltr'>V.</span> <span class='ocrx_word' id='word_1_231' title='bbox 667 1218 719 1254; x_wconf 93' lang='grc'>80,</span> <span class='ocrx_word' id='word_1_232' title='bbox 741 1226 793 1257; x_wconf 89' lang='lat' dir='ltr'>ep.</span> <span class='ocrx_word' id='word_1_233' title='bbox 812 1215 919 1256; x_wconf 84' lang='lat'>1382.)</span> 
     </span>
    </p>

    <p class='ocr_par' dir='ltr' id='par_1_20' title="bbox 656 1267 2221 1314">
     <span class='ocr_line' id='line_1_34' title="bbox 656 1267 2221 1314; baseline 0.006 -15"><span class='ocrx_word' id='word_1_234' title='bbox 656 1267 794 1300; x_wconf 84' lang='grc'>24641.</span> <span class='ocrx_word' id='word_1_235' title='bbox 813 1288 853 1293; x_wconf 89' lang='grc'>-</span> <span class='ocrx_word' id='word_1_236' title='bbox 868 1269 1001 1301; x_wconf 85' lang='lat' dir='ltr'>Amedeo</span> <span class='ocrx_word' id='word_1_237' title='bbox 1015 1269 1197 1304; x_wconf 86' lang='lat' dir='ltr'>Alamanni,</span> <span class='ocrx_word' id='word_1_238' title='bbox 1211 1277 1301 1300; x_wconf 89' lang='lat' dir='ltr'>mon.</span> <span class='ocrx_word' id='word_1_239' title='bbox 1320 1268 1466 1299; x_wconf 86' lang='lat' dir='ltr'>monast.</span> <span class='ocrx_word' id='word_1_240' title='bbox 1478 1267 1511 1298; x_wconf 88' lang='lat' dir='ltr'>b.</span> <span class='ocrx_word' id='word_1_241' title='bbox 1530 1267 1623 1299; x_wconf 83' lang='lat' dir='ltr'>Petri</span> <span class='ocrx_word' id='word_1_242' title='bbox 1633 1267 1860 1308; x_wconf 86' lang='lat' dir='ltr'>forisportam</span> <span class='ocrx_word' id='word_1_243' title='bbox 1876 1270 2103 1310; x_wconf 90' lang='lat' dir='ltr'>Viennen.‚O.</span> <span class='ocrx_word' id='word_1_244' title='bbox 2119 1275 2151 1306; x_wconf 90' lang='lat' dir='ltr'>S.</span> <span class='ocrx_word' id='word_1_245' title='bbox 2169 1277 2221 1314; x_wconf 87' lang='grc' dir='ltr'>Β.,</span> 
     </span>
    </p>
   </div>
   <div class='ocr_carea' id='block_1_16' title="bbox 610 1319 2278 1364">
    <p class='ocr_par' dir='ltr' id='par_1_21' title="bbox 610 1319 2278 1364">
     <span class='ocr_line' id='line_1_35' title="bbox 610 1319 2278 1364; baseline 0.003 -9"><span class='ocrx_word' id='word_1_246' title='bbox 610 1325 720 1364; x_wconf 70' lang='lat' dir='ltr'>grafia</span> <span class='ocrx_word' id='word_1_247' title='bbox 735 1332 831 1364; x_wconf 84' lang='lat' dir='ltr'>exsp.</span> <span class='ocrx_word' id='word_1_248' title='bbox 859 1323 965 1362; x_wconf 65' lang='lat' dir='ltr'>dign,</span> <span class='ocrx_word' id='word_1_249' title='bbox 991 1331 1053 1354; x_wconf 89' lang='lat' dir='ltr'>seu</span> <span class='ocrx_word' id='word_1_250' title='bbox 1072 1319 1280 1359; x_wconf 66' lang='lat' dir='ltr'>administr,</span> <span class='ocrx_word' id='word_1_251' title='bbox 1301 1322 1360 1352; x_wconf 88' lang='lat' dir='ltr'>aut</span> <span class='ocrx_word' id='word_1_252' title='bbox 1378 1321 1574 1358; x_wconf 61' lang='lat' dir='ltr'>decentum,</span> <span class='ocrx_word' id='word_1_253' title='bbox 1601 1321 1655 1351; x_wconf 87' lang='lat' dir='ltr'>vel</span> <span class='ocrx_word' id='word_1_254' title='bbox 1682 1321 1867 1362; x_wconf 80' lang='lat' dir='ltr'>prioratus,</span> <span class='ocrx_word' id='word_1_255' title='bbox 1887 1325 1945 1355; x_wconf 87' lang='lat' dir='ltr'>aut</span> <span class='ocrx_word' id='word_1_256' title='bbox 1965 1325 2020 1356; x_wconf 84' lang='lat' dir='ltr'>off.</span> <span class='ocrx_word' id='word_1_257' title='bbox 2038 1327 2090 1358; x_wconf 92' lang='lat' dir='ltr'>vel</span> <span class='ocrx_word' id='word_1_258' title='bbox 2108 1327 2219 1360; x_wconf 87' lang='lat' dir='ltr'>benef.</span> <span class='ocrx_word' id='word_1_259' title='bbox 2268 1320 2278 1329; x_wconf 79' lang='grc'><em>’</em></span> 
     </span>
    </p>
   </div>
   <div class='ocr_carea' id='block_1_17' title="bbox 607 1374 2223 2225">
    <p class='ocr_par' dir='ltr' id='par_1_22' title="bbox 608 1374 2221 1687">
     <span class='ocr_line' id='line_1_36' title="bbox 609 1374 2219 1419; baseline 0.002 -10"><span class='ocrx_word' id='word_1_260' title='bbox 609 1387 639 1409; x_wconf 92' lang='grc'>0.</span> <span class='ocrx_word' id='word_1_261' title='bbox 652 1387 682 1409; x_wconf 89' lang='grc'>0.</span> <span class='ocrx_word' id='word_1_262' title='bbox 698 1378 750 1409; x_wconf 88' lang='lat' dir='ltr'>vel</span> <span class='ocrx_word' id='word_1_263' title='bbox 768 1386 796 1408; x_wconf 92' lang='lat' dir='ltr'>s.</span> <span class='ocrx_word' id='word_1_264' title='bbox 813 1387 854 1414; x_wconf 85' lang='lat' dir='ltr'>c.,</span> <span class='ocrx_word' id='word_1_265' title='bbox 872 1377 914 1408; x_wconf 89' lang='lat' dir='ltr'>ad</span> <span class='ocrx_word' id='word_1_266' title='bbox 929 1377 1043 1408; x_wconf 88' lang='lat' dir='ltr'>collat.</span> <span class='ocrx_word' id='word_1_267' title='bbox 1065 1375 1141 1408; x_wconf 88' lang='lat' dir='ltr'>abb.</span> <span class='ocrx_word' id='word_1_268' title='bbox 1169 1377 1202 1407; x_wconf 89' lang='lat' dir='ltr'>et</span> <span class='ocrx_word' id='word_1_269' title='bbox 1222 1384 1318 1406; x_wconf 87' lang='lat' dir='ltr'>conv.</span> <span class='ocrx_word' id='word_1_270' title='bbox 1335 1376 1483 1406; x_wconf 87' lang='lat' dir='ltr'>monast.</span> <span class='ocrx_word' id='word_1_271' title='bbox 1507 1383 1535 1405; x_wconf 93' lang='lat' dir='ltr'>s.</span> <span class='ocrx_word' id='word_1_272' title='bbox 1555 1374 1748 1410; x_wconf 80' lang='lat' dir='ltr'>Theon-edi,</span> <span class='ocrx_word' id='word_1_273' title='bbox 1773 1375 1856 1407; x_wconf 87' lang='lat' dir='ltr'>dicti</span> <span class='ocrx_word' id='word_1_274' title='bbox 1877 1377 1960 1415; x_wconf 81' lang='lat' dir='ltr'>ord.¹</span> <span class='ocrx_word' id='word_1_275' title='bbox 1985 1379 2141 1412; x_wconf 85' lang='lat' dir='ltr'>Anicien.</span> <span class='ocrx_word' id='word_1_276' title='bbox 2160 1383 2219 1419; x_wconf 89' lang='lat' dir='ltr'>di.,</span> 
     </span>
     <span class='ocr_line' id='line_1_37' title="bbox 609 1428 2219 1476; baseline -0.001 -13"><span class='ocrx_word' id='word_1_277' title='bbox 609 1432 652 1463; x_wconf 88' lang='lat' dir='ltr'>ad</span> <span class='ocrx_word' id='word_1_278' title='bbox 670 1432 760 1472; x_wconf 87' lang='lat' dir='ltr'>quod</span> <span class='ocrx_word' id='word_1_279' title='bbox 778 1440 814 1462; x_wconf 87' lang='lat' dir='ltr'>se</span> <span class='ocrx_word' id='word_1_280' title='bbox 829 1431 1017 1462; x_wconf 85' lang='lat' dir='ltr'>transferre</span> <span class='ocrx_word' id='word_1_281' title='bbox 1032 1431 1179 1467; x_wconf 77' lang='lat' dir='ltr'>tenetur,</span> <span class='ocrx_word' id='word_1_282' title='bbox 1195 1431 1228 1461; x_wconf 88' lang='lat' dir='ltr'>et</span> <span class='ocrx_word' id='word_1_283' title='bbox 1246 1438 1307 1469; x_wconf 87' lang='lat' dir='ltr'>per</span> <span class='ocrx_word' id='word_1_284' title='bbox 1321 1429 1434 1469; x_wconf 84' lang='lat' dir='ltr'>ipsius</span> <span class='ocrx_word' id='word_1_285' title='bbox 1451 1437 1542 1460; x_wconf 88' lang='lat' dir='ltr'>mon.</span> <span class='ocrx_word' id='word_1_286' title='bbox 1562 1428 1673 1460; x_wconf 86' lang='lat' dir='ltr'>solitae</span> <span class='ocrx_word' id='word_1_287' title='bbox 1698 1429 1751 1460; x_wconf 90' lang='lat' dir='ltr'>vel</span> <span class='ocrx_word' id='word_1_288' title='bbox 1771 1429 1865 1460; x_wconf 87' lang='lat' dir='ltr'>soliti</span> <span class='ocrx_word' id='word_1_289' title='bbox 1882 1431 1978 1470; x_wconf 83' lang='lat' dir='ltr'>gub.;</span> <span class='ocrx_word' id='word_1_290' title='bbox 1998 1441 2074 1464; x_wconf 88' lang='lat' dir='ltr'>cum</span> <span class='ocrx_word' id='word_1_291' title='bbox 2091 1435 2219 1476; x_wconf 75' lang='lat' dir='ltr'>obliga-</span> 
     </span>
     <span class='ocr_line' id='line_1_38' title="bbox 608 1484 2219 1529; baseline 0.004 -11"><span class='ocrx_word' id='word_1_292' title='bbox 608 1487 701 1518; x_wconf 86' lang='lat' dir='ltr'>tione</span> <span class='ocrx_word' id='word_1_293' title='bbox 727 1486 922 1518; x_wconf 84' lang='lat' dir='ltr'>dimittendi</span> <span class='ocrx_word' id='word_1_294' title='bbox 949 1486 1138 1526; x_wconf 84' lang='lat' dir='ltr'>prioratum</span> <span class='ocrx_word' id='word_1_295' title='bbox 1161 1486 1202 1517; x_wconf 90' lang='lat' dir='ltr'>de</span> <span class='ocrx_word' id='word_1_296' title='bbox 1226 1486 1352 1525; x_wconf 87' lang='lat' dir='ltr'>Vorey,</span> <span class='ocrx_word' id='word_1_297' title='bbox 1377 1484 1475 1525; x_wconf 88' lang='lat' dir='ltr'>cujus</span> <span class='ocrx_word' id='word_1_298' title='bbox 1501 1494 1583 1516; x_wconf 84' lang='lat' dir='ltr'>eura</span> <span class='ocrx_word' id='word_1_299' title='bbox 1610 1494 1670 1525; x_wconf 86' lang='lat' dir='ltr'>per</span> <span class='ocrx_word' id='word_1_300' title='bbox 1689 1485 1796 1517; x_wconf 88' lang='lat' dir='ltr'>alium</span> <span class='ocrx_word' id='word_1_301' title='bbox 1823 1489 2013 1524; x_wconf 86' lang='lat' dir='ltr'>exercetur,</span> <span class='ocrx_word' id='word_1_302' title='bbox 2035 1490 2116 1522; x_wconf 87' lang='lat' dir='ltr'>dicti</span> <span class='ocrx_word' id='word_1_303' title='bbox 2136 1494 2219 1529; x_wconf 59' lang='lat' dir='ltr'>ord„</span> 
     </span>
     <span class='ocr_line' id='line_1_39' title="bbox 608 1538 2221 1586; baseline 0.001 -13"><span class='ocrx_word' id='word_1_304' title='bbox 608 1541 917 1580; x_wconf 86' lang='lat' dir='ltr'>Gratianopolitan.</span> <span class='ocrx_word' id='word_1_305' title='bbox 938 1541 1005 1578; x_wconf 87' lang='lat' dir='ltr'>di.;</span> <span class='ocrx_word' id='word_1_306' title='bbox 1025 1540 1180 1580; x_wconf 86' lang='lat' dir='ltr'>sequitur</span> <span class='ocrx_word' id='word_1_307' title='bbox 1193 1539 1346 1578; x_wconf 90' lang='lat' dir='ltr'>dispens.</span> <span class='ocrx_word' id='word_1_308' title='bbox 1366 1547 1468 1578; x_wconf 90' lang='lat' dir='ltr'>super</span> <span class='ocrx_word' id='word_1_309' title='bbox 1484 1538 1619 1570; x_wconf 74' lang='lat' dir='ltr'>defectu</span> <span class='ocrx_word' id='word_1_310' title='bbox 1635 1539 1758 1576; x_wconf 71' lang='lat' dir='ltr'>aetatis,</span> <span class='ocrx_word' id='word_1_311' title='bbox 1776 1541 1827 1578; x_wconf 87' lang='grc'>(23</span> <span class='ocrx_word' id='word_1_312' title='bbox 1845 1543 1926 1579; x_wconf 89' lang='lat' dir='ltr'>an.).</span> <span class='ocrx_word' id='word_1_313' title='bbox 1941 1559 1980 1564; x_wconf 98' lang='lat'><strong>—</strong></span> <span class='ocrx_word' id='word_1_314' title='bbox 1995 1542 2022 1573; x_wconf 94' lang='grc' dir='ltr'>Ι.</span> <span class='ocrx_word' id='word_1_315' title='bbox 2035 1552 2064 1574; x_wconf 94' lang='lat' dir='ltr'>e.</span> <span class='ocrx_word' id='word_1_316' title='bbox 2083 1554 2127 1575; x_wconf 91' lang='lat' dir='ltr'>m.</span> <span class='ocrx_word' id='word_1_317' title='bbox 2145 1555 2221 1586; x_wconf 76' lang='lat' dir='ltr'>ep,0</span> 
     </span>
     <span class='ocr_line' id='line_1_40' title="bbox 609 1592 2219 1636; baseline 0.003 -10"><span class='ocrx_word' id='word_1_318' title='bbox 609 1594 932 1634; x_wconf 62' lang='lat' dir='ltr'>Gratianopolitan„</span> <span class='ocrx_word' id='word_1_319' title='bbox 963 1595 996 1625; x_wconf 82' lang='lat' dir='ltr'>et</span> <span class='ocrx_word' id='word_1_320' title='bbox 1014 1602 1117 1634; x_wconf 83' lang='lat' dir='ltr'>praep.</span> <span class='ocrx_word' id='word_1_321' title='bbox 1144 1602 1172 1624; x_wconf 88' lang='lat' dir='ltr'>s.</span> <span class='ocrx_word' id='word_1_322' title='bbox 1193 1593 1336 1624; x_wconf 78' lang='lat' dir='ltr'>Andreae</span> <span class='ocrx_word' id='word_1_323' title='bbox 1362 1592 1682 1632; x_wconf 84' lang='lat' dir='ltr'>Gratianopolitan.,</span> <span class='ocrx_word' id='word_1_324' title='bbox 1708 1601 1746 1624; x_wconf 86' lang='lat' dir='ltr'>ac</span> <span class='ocrx_word' id='word_1_325' title='bbox 1765 1593 1866 1625; x_wconf 89' lang='lat' dir='ltr'>Gotio</span> <span class='ocrx_word' id='word_1_326' title='bbox 1892 1595 1932 1626; x_wconf 86' lang='lat' dir='ltr'>de</span> <span class='ocrx_word' id='word_1_327' title='bbox 1955 1596 2124 1636; x_wconf 86' lang='lat' dir='ltr'>Arimino,</span> <span class='ocrx_word' id='word_1_328' title='bbox 2146 1609 2219 1631; x_wconf 84' lang='lat' dir='ltr'>can.</span> 
     </span>
     <span class='ocr_line' id='line_1_41' title="bbox 608 1646 1491 1687; baseline -0.006 -6"><span class='ocrx_word' id='word_1_329' title='bbox 608 1649 840 1681; x_wconf 86' lang='lat' dir='ltr'>Ravennaten.</span> <span class='ocrx_word' id='word_1_330' title='bbox 858 1648 953 1685; x_wconf 68' lang='lat' dir='ltr'>ecel„</span> <span class='ocrx_word' id='word_1_331' title='bbox 972 1648 1072 1687; x_wconf 88' lang='lat' dir='ltr'>Papae</span> <span class='ocrx_word' id='word_1_332' title='bbox 1088 1657 1161 1687; x_wconf 85' lang='lat' dir='ltr'>cap.</span> <span class='ocrx_word' id='word_1_333' title='bbox 1178 1646 1231 1687; x_wconf 94' lang='lat' dir='ltr'>(V.</span> <span class='ocrx_word' id='word_1_334' title='bbox 1248 1647 1300 1683; x_wconf 89' lang='lat'>81,</span> <span class='ocrx_word' id='word_1_335' title='bbox 1314 1655 1366 1686; x_wconf 92' lang='lat' dir='ltr'>ep.</span> <span class='ocrx_word' id='word_1_336' title='bbox 1384 1646 1491 1686; x_wconf 87' lang='lat'>2075.)</span> 
     </span>
    </p>

    <p class='ocr_par' dir='ltr' id='par_1_23' title="bbox 607 1699 2223 2011">
     <span class='ocr_line' id='line_1_42' title="bbox 654 1699 2222 1744; baseline 0.003 -12"><span class='ocrx_word' id='word_1_337' title='bbox 654 1699 792 1732; x_wconf 80' lang='grc'>24642.</span> <span class='ocrx_word' id='word_1_338' title='bbox 817 1719 857 1725; x_wconf 92' lang='grc'>--</span> <span class='ocrx_word' id='word_1_339' title='bbox 873 1701 1050 1733; x_wconf 83' lang='lat' dir='ltr'>Bertrando</span> <span class='ocrx_word' id='word_1_340' title='bbox 1068 1701 1105 1732; x_wconf 86' lang='lat' dir='ltr'>de</span> <span class='ocrx_word' id='word_1_341' title='bbox 1131 1700 1256 1732; x_wconf 80' lang='lat' dir='ltr'>Crasols</span> <span class='ocrx_word' id='word_1_342' title='bbox 1277 1699 1314 1731; x_wconf 87' lang='lat' dir='ltr'>de</span> <span class='ocrx_word' id='word_1_343' title='bbox 1332 1700 1469 1741; x_wconf 74' lang='lat' dir='ltr'>Fiyiaw,</span> <span class='ocrx_word' id='word_1_344' title='bbox 1495 1699 1583 1731; x_wconf 87' lang='lat' dir='ltr'>laico</span> <span class='ocrx_word' id='word_1_345' title='bbox 1601 1700 1779 1732; x_wconf 84' lang='lat' dir='ltr'>Caturcen.</span> <span class='ocrx_word' id='word_1_346' title='bbox 1798 1701 1858 1739; x_wconf 88' lang='lat' dir='ltr'>di.,</span> <span class='ocrx_word' id='word_1_347' title='bbox 1880 1703 1989 1742; x_wconf 82' lang='lat' dir='ltr'>gratia</span> <span class='ocrx_word' id='word_1_348' title='bbox 2004 1713 2101 1744; x_wconf 85' lang='lat' dir='ltr'>exsp.</span> <span class='ocrx_word' id='word_1_349' title='bbox 2121 1708 2222 1739; x_wconf 88' lang='lat' dir='ltr'>unius</span> 
     </span>
     <span class='ocr_line' id='line_1_43' title="bbox 609 1753 2220 1796; baseline 0.001 -9"><span class='ocrx_word' id='word_1_350' title='bbox 609 1765 652 1788; x_wconf 84' lang='lat' dir='ltr'>ex</span> <span class='ocrx_word' id='word_1_351' title='bbox 668 1755 883 1796; x_wconf 86' lang='lat' dir='ltr'>portionibus</span> <span class='ocrx_word' id='word_1_352' title='bbox 906 1756 979 1786; x_wconf 84' lang='lat' dir='ltr'>sive</span> <span class='ocrx_word' id='word_1_353' title='bbox 1003 1754 1106 1795; x_wconf 87' lang='lat' dir='ltr'>praeb.</span> <span class='ocrx_word' id='word_1_354' title='bbox 1135 1753 1393 1786; x_wconf 86' lang='lat' dir='ltr'>monachalibus</span> <span class='ocrx_word' id='word_1_355' title='bbox 1419 1755 1565 1785; x_wconf 86' lang='lat' dir='ltr'>monast.</span> <span class='ocrx_word' id='word_1_356' title='bbox 1591 1762 1619 1784; x_wconf 90' lang='lat' dir='ltr'>s.</span> <span class='ocrx_word' id='word_1_357' title='bbox 1646 1754 1805 1795; x_wconf 85' lang='lat' dir='ltr'>Dionysii</span> <span class='ocrx_word' id='word_1_358' title='bbox 1824 1755 1858 1786; x_wconf 91' lang='lat' dir='ltr'>in</span> <span class='ocrx_word' id='word_1_359' title='bbox 1881 1756 2037 1795; x_wconf 85' lang='lat' dir='ltr'>Francia,</span> <span class='ocrx_word' id='word_1_360' title='bbox 2057 1760 2098 1790; x_wconf 87' lang='lat' dir='ltr'>ad</span> <span class='ocrx_word' id='word_1_361' title='bbox 2116 1761 2156 1791; x_wconf 78' lang='lat' dir='ltr'>R.</span> <span class='ocrx_word' id='word_1_362' title='bbox 2183 1762 2220 1793; x_wconf 82' lang='grc' dir='ltr'>Ε.</span> 
     </span>
     <span class='ocr_line' id='line_1_44' title="bbox 608 1808 2222 1853; baseline 0.003 -12"><span class='ocrx_word' id='word_1_363' title='bbox 608 1810 704 1841; x_wconf 91' lang='lat' dir='ltr'>nullo</span> <span class='ocrx_word' id='word_1_364' title='bbox 729 1810 842 1842; x_wconf 87' lang='lat' dir='ltr'>medio</span> <span class='ocrx_word' id='word_1_365' title='bbox 866 1809 1003 1849; x_wconf 69' lang='lat' dir='ltr'>pertin,</span> <span class='ocrx_word' id='word_1_366' title='bbox 1031 1810 1071 1841; x_wconf 91' lang='grc' dir='ltr'>Ο.</span> <span class='ocrx_word' id='word_1_367' title='bbox 1096 1809 1128 1840; x_wconf 87' lang='lat' dir='ltr'>S.</span> <span class='ocrx_word' id='word_1_368' title='bbox 1158 1809 1212 1846; x_wconf 89' lang='grc' dir='ltr'>Β.,</span> <span class='ocrx_word' id='word_1_369' title='bbox 1239 1808 1411 1840; x_wconf 87' lang='lat' dir='ltr'>Parisien.</span> <span class='ocrx_word' id='word_1_370' title='bbox 1431 1808 1492 1845; x_wconf 85' lang='lat' dir='ltr'>di.,</span> <span class='ocrx_word' id='word_1_371' title='bbox 1517 1817 1591 1847; x_wconf 76' lang='lat' dir='ltr'>quae</span> <span class='ocrx_word' id='word_1_372' title='bbox 1615 1810 1873 1848; x_wconf 83' lang='lat' dir='ltr'>peraupertates</span> <span class='ocrx_word' id='word_1_373' title='bbox 1891 1809 2018 1842; x_wconf 90' lang='lat' dir='ltr'>ibidem</span> <span class='ocrx_word' id='word_1_374' title='bbox 2036 1813 2222 1853; x_wconf 81' lang='lat' dir='ltr'>vulgariter</span> 
     </span>
     <span class='ocr_line' id='line_1_45' title="bbox 609 1861 2222 1904; baseline -0.001 -9"><span class='ocrx_word' id='word_1_375' title='bbox 609 1866 860 1904; x_wconf 86' lang='lat' dir='ltr'>nuncupantur,</span> <span class='ocrx_word' id='word_1_376' title='bbox 886 1863 1060 1894; x_wconf 85' lang='lat' dir='ltr'>consuetis</span> <span class='ocrx_word' id='word_1_377' title='bbox 1076 1863 1175 1894; x_wconf 76' lang='lat' dir='ltr'>laicis</span> <span class='ocrx_word' id='word_1_378' title='bbox 1191 1862 1361 1902; x_wconf 84' lang='lat' dir='ltr'>assignari</span> <span class='ocrx_word' id='word_1_379' title='bbox 1380 1863 1412 1893; x_wconf 82' lang='lat' dir='ltr'>et</span> <span class='ocrx_word' id='word_1_380' title='bbox 1429 1861 1551 1901; x_wconf 87' lang='lat' dir='ltr'>pertin.</span> <span class='ocrx_word' id='word_1_381' title='bbox 1580 1861 1622 1892; x_wconf 87' lang='lat' dir='ltr'>ad</span> <span class='ocrx_word' id='word_1_382' title='bbox 1642 1861 1754 1893; x_wconf 86' lang='lat' dir='ltr'>collat.</span> <span class='ocrx_word' id='word_1_383' title='bbox 1779 1862 1856 1894; x_wconf 88' lang='lat' dir='ltr'>abb.</span> <span class='ocrx_word' id='word_1_384' title='bbox 1880 1863 1988 1903; x_wconf 84' lang='lat' dir='ltr'>ejusd.</span> <span class='ocrx_word' id='word_1_385' title='bbox 2011 1870 2157 1899; x_wconf 87' lang='lat' dir='ltr'>monast.</span> <span class='ocrx_word' id='word_1_386' title='bbox 2184 1888 2222 1893; x_wconf 82' lang='grc'>..-</span> 
     </span>
     <span class='ocr_line' id='line_1_46' title="bbox 607 1915 2223 1960; baseline 0 -10"><span class='ocrx_word' id='word_1_387' title='bbox 607 1919 636 1950; x_wconf 93' lang='lat'>1.</span> <span class='ocrx_word' id='word_1_388' title='bbox 654 1926 685 1949; x_wconf 89' lang='lat' dir='ltr'>e.</span> <span class='ocrx_word' id='word_1_389' title='bbox 702 1927 746 1949; x_wconf 89' lang='lat' dir='ltr'>m.</span> <span class='ocrx_word' id='word_1_390' title='bbox 762 1918 868 1958; x_wconf 87' lang='lat' dir='ltr'>priori</span> <span class='ocrx_word' id='word_1_391' title='bbox 887 1926 913 1949; x_wconf 75' lang='lat' dir='ltr'>s,</span> <span class='ocrx_word' id='word_1_392' title='bbox 934 1917 1072 1948; x_wconf 87' lang='lat' dir='ltr'>Martini</span> <span class='ocrx_word' id='word_1_393' title='bbox 1086 1917 1127 1948; x_wconf 89' lang='lat' dir='ltr'>de</span> <span class='ocrx_word' id='word_1_394' title='bbox 1141 1916 1281 1956; x_wconf 87' lang='lat' dir='ltr'>Campis</span> <span class='ocrx_word' id='word_1_395' title='bbox 1296 1915 1478 1951; x_wconf 87' lang='lat' dir='ltr'>Parisien.,</span> <span class='ocrx_word' id='word_1_396' title='bbox 1494 1917 1527 1946; x_wconf 88' lang='lat' dir='ltr'>et</span> <span class='ocrx_word' id='word_1_397' title='bbox 1541 1915 1669 1946; x_wconf 85' lang='lat' dir='ltr'>decano</span> <span class='ocrx_word' id='word_1_398' title='bbox 1684 1915 1925 1954; x_wconf 85' lang='lat' dir='ltr'>Silvanecten.‚</span> <span class='ocrx_word' id='word_1_399' title='bbox 1943 1927 1980 1949; x_wconf 86' lang='lat' dir='ltr'>ac</span> <span class='ocrx_word' id='word_1_400' title='bbox 1996 1928 2084 1960; x_wconf 84' lang='lat' dir='ltr'>mag.</span> <span class='ocrx_word' id='word_1_401' title='bbox 2099 1922 2223 1954; x_wconf 85' lang='lat' dir='ltr'>Joanni</span> 
     </span>
     <span class='ocr_line' id='line_1_47' title="bbox 609 1969 1791 2011; baseline -0.004 -7"><span class='ocrx_word' id='word_1_402' title='bbox 609 1972 650 2004; x_wconf 91' lang='lat' dir='ltr'>de</span> <span class='ocrx_word' id='word_1_403' title='bbox 665 1971 807 2008; x_wconf 86' lang='lat' dir='ltr'>Pennis,</span> <span class='ocrx_word' id='word_1_404' title='bbox 824 1980 897 2003; x_wconf 88' lang='lat' dir='ltr'>can.</span> <span class='ocrx_word' id='word_1_405' title='bbox 913 1972 1056 2003; x_wconf 79' lang='lat' dir='ltr'>Romen.</span> <span class='ocrx_word' id='word_1_406' title='bbox 1074 1970 1155 2002; x_wconf 86' lang='lat' dir='ltr'>eccl.</span> <span class='ocrx_word' id='word_1_407' title='bbox 1170 1970 1224 2011; x_wconf 90' lang='lat' dir='ltr'>(A.</span> <span class='ocrx_word' id='word_1_408' title='bbox 1242 1971 1294 2008; x_wconf 88' lang='lat'>25,</span> <span class='ocrx_word' id='word_1_409' title='bbox 1314 1970 1337 2002; x_wconf 88' lang='lat' dir='ltr'>f.</span> <span class='ocrx_word' id='word_1_410' title='bbox 1357 1971 1417 2001; x_wconf 74' lang='grc'>244</span> <span class='ocrx_word' id='word_1_411' title='bbox 1434 1969 1466 2005; x_wconf 72' lang='lat' dir='ltr'>b,</span> <span class='ocrx_word' id='word_1_412' title='bbox 1490 1969 1525 2000; x_wconf 95' lang='lat' dir='ltr'>V.</span> <span class='ocrx_word' id='word_1_413' title='bbox 1546 1970 1598 2006; x_wconf 89' lang='grc'>81,</span> <span class='ocrx_word' id='word_1_414' title='bbox 1617 1977 1670 2008; x_wconf 86' lang='lat' dir='ltr'>ep.</span> <span class='ocrx_word' id='word_1_415' title='bbox 1684 1970 1791 2010; x_wconf 88' lang='grc'>2103.)</span> 
     </span>
    </p>

    <p class='ocr_par' dir='ltr' id='par_1_24' title="bbox 607 2022 2223 2225">
     <span class='ocr_line' id='line_1_48' title="bbox 654 2022 2222 2068; baseline 0.004 -13"><span class='ocrx_word' id='word_1_416' title='bbox 654 2022 790 2055; x_wconf 90' lang='grc'>24643.</span> <span class='ocrx_word' id='word_1_417' title='bbox 809 2043 847 2048; x_wconf 90' lang='lat'>-—</span> <span class='ocrx_word' id='word_1_418' title='bbox 863 2025 1024 2066; x_wconf 75' lang='lat' dir='ltr'>Radulplzo</span> <span class='ocrx_word' id='word_1_419' title='bbox 1038 2024 1075 2055; x_wconf 88' lang='lat' dir='ltr'>de</span> <span class='ocrx_word' id='word_1_420' title='bbox 1092 2025 1223 2055; x_wconf 83' lang='lat' dir='ltr'>Borreto</span> <span class='ocrx_word' id='word_1_421' title='bbox 1243 2033 1338 2064; x_wconf 83' lang='lat' dir='ltr'>prov.</span> <span class='ocrx_word' id='word_1_422' title='bbox 1356 2032 1473 2054; x_wconf 86' lang='lat' dir='ltr'>canon.</span> <span class='ocrx_word' id='word_1_423' title='bbox 1496 2023 1560 2054; x_wconf 90' lang='lat' dir='ltr'>sub</span> <span class='ocrx_word' id='word_1_424' title='bbox 1579 2031 1675 2062; x_wconf 84' lang='lat' dir='ltr'>exsp.</span> <span class='ocrx_word' id='word_1_425' title='bbox 1695 2023 1798 2062; x_wconf 84' lang='lat' dir='ltr'>praeb.</span> <span class='ocrx_word' id='word_1_426' title='bbox 1819 2024 1899 2055; x_wconf 85' lang='lat' dir='ltr'>eccl.</span> <span class='ocrx_word' id='word_1_427' title='bbox 1920 2026 1959 2057; x_wconf 90' lang='lat' dir='ltr'>B.</span> <span class='ocrx_word' id='word_1_428' title='bbox 1977 2027 2021 2058; x_wconf 90' lang='lat' dir='ltr'>M.</span> <span class='ocrx_word' id='word_1_429' title='bbox 2040 2027 2222 2068; x_wconf 87' lang='lat' dir='ltr'>Nigellen.,</span> 
     </span>
     <span class='ocr_line' id='line_1_49' title="bbox 607 2076 2223 2117; baseline -0.001 -6"><span class='ocrx_word' id='word_1_430' title='bbox 607 2079 810 2112; x_wconf 86' lang='lat' dir='ltr'>Noviomen.</span> <span class='ocrx_word' id='word_1_431' title='bbox 836 2079 901 2117; x_wconf 72' lang='lat' dir='ltr'>di.,</span> <span class='ocrx_word' id='word_1_432' title='bbox 929 2088 996 2110; x_wconf 92' lang='lat' dir='ltr'>non</span> <span class='ocrx_word' id='word_1_433' title='bbox 1014 2078 1102 2110; x_wconf 81' lang='lat' dir='ltr'>obst.</span> <span class='ocrx_word' id='word_1_434' title='bbox 1121 2087 1239 2110; x_wconf 85' lang='lat' dir='ltr'>canon.</span> <span class='ocrx_word' id='word_1_435' title='bbox 1265 2079 1298 2109; x_wconf 85' lang='lat' dir='ltr'>et</span> <span class='ocrx_word' id='word_1_436' title='bbox 1321 2077 1465 2108; x_wconf 86' lang='lat' dir='ltr'>dimidia</span> <span class='ocrx_word' id='word_1_437' title='bbox 1490 2076 1592 2116; x_wconf 82' lang='lat' dir='ltr'>praeb.</span> <span class='ocrx_word' id='word_1_438' title='bbox 1614 2076 1695 2108; x_wconf 89' lang='lat' dir='ltr'>eccl.</span> <span class='ocrx_word' id='word_1_439' title='bbox 1722 2077 2003 2110; x_wconf 85' lang='lat' dir='ltr'>Silvanectensis.</span> <span class='ocrx_word' id='word_1_440' title='bbox 2027 2082 2108 2113; x_wconf 84' lang='lat' dir='ltr'>—L</span> <span class='ocrx_word' id='word_1_441' title='bbox 2126 2092 2155 2114; x_wconf 82' lang='lat' dir='ltr'>e,</span> <span class='ocrx_word' id='word_1_442' title='bbox 2177 2092 2223 2115; x_wconf 73' lang='lat' dir='ltr'>m,</span> 
     </span>
     <span class='ocr_line' id='line_1_50' title="bbox 610 2130 2223 2174; baseline 0.002 -10"><span class='ocrx_word' id='word_1_443' title='bbox 610 2133 686 2165; x_wconf 89' lang='lat' dir='ltr'>abb.</span> <span class='ocrx_word' id='word_1_444' title='bbox 705 2135 851 2165; x_wconf 75' lang='lat' dir='ltr'>monast.</span> <span class='ocrx_word' id='word_1_445' title='bbox 871 2141 899 2163; x_wconf 90' lang='lat' dir='ltr'>s.</span> <span class='ocrx_word' id='word_1_446' title='bbox 915 2133 1019 2172; x_wconf 87' lang='lat' dir='ltr'>Eligii</span> <span class='ocrx_word' id='word_1_447' title='bbox 1036 2132 1253 2169; x_wconf 87' lang='lat' dir='ltr'>Noviomen.‚</span> <span class='ocrx_word' id='word_1_448' title='bbox 1271 2134 1304 2162; x_wconf 82' lang='lat' dir='ltr'>et</span> <span class='ocrx_word' id='word_1_449' title='bbox 1322 2132 1448 2162; x_wconf 84' lang='lat' dir='ltr'>decano</span> <span class='ocrx_word' id='word_1_450' title='bbox 1466 2130 1707 2167; x_wconf 85' lang='lat' dir='ltr'>Silvanecten.,</span> <span class='ocrx_word' id='word_1_451' title='bbox 1727 2140 1764 2162; x_wconf 82' lang='lat' dir='ltr'>ac</span> <span class='ocrx_word' id='word_1_452' title='bbox 1782 2140 1871 2171; x_wconf 84' lang='lat' dir='ltr'>mag.</span> <span class='ocrx_word' id='word_1_453' title='bbox 1887 2133 2009 2164; x_wconf 88' lang='lat' dir='ltr'>Joanni</span> <span class='ocrx_word' id='word_1_454' title='bbox 2028 2134 2069 2166; x_wconf 84' lang='lat' dir='ltr'>de</span> <span class='ocrx_word' id='word_1_455' title='bbox 2086 2136 2223 2174; x_wconf 88' lang='lat' dir='ltr'>Pennis,</span> 
     </span>
     <span class='ocr_line' id='line_1_51' title="bbox 610 2185 1567 2225; baseline -0.005 -6"><span class='ocrx_word' id='word_1_456' title='bbox 610 2196 683 2219; x_wconf 89' lang='lat' dir='ltr'>can.</span> <span class='ocrx_word' id='word_1_457' title='bbox 697 2188 839 2219; x_wconf 83' lang='lat' dir='ltr'>Remen.</span> <span class='ocrx_word' id='word_1_458' title='bbox 861 2187 942 2218; x_wconf 87' lang='lat' dir='ltr'>eccl.</span> <span class='ocrx_word' id='word_1_459' title='bbox 964 2186 1016 2225; x_wconf 85' lang='grc' dir='ltr'>(Α.</span> <span class='ocrx_word' id='word_1_460' title='bbox 1034 2188 1085 2222; x_wconf 87' lang='grc'>25,</span> <span class='ocrx_word' id='word_1_461' title='bbox 1102 2186 1125 2216; x_wconf 88' lang='lat' dir='ltr'>f.</span> <span class='ocrx_word' id='word_1_462' title='bbox 1145 2187 1204 2216; x_wconf 84' lang='lat'>248</span> <span class='ocrx_word' id='word_1_463' title='bbox 1220 2190 1251 2222; x_wconf 77' lang='lat'>¹3</span> <span class='ocrx_word' id='word_1_464' title='bbox 1271 2185 1307 2216; x_wconf 92' lang='lat' dir='ltr'>V.</span> <span class='ocrx_word' id='word_1_465' title='bbox 1323 2186 1374 2220; x_wconf 86' lang='lat'>81,</span> <span class='ocrx_word' id='word_1_466' title='bbox 1392 2193 1445 2222; x_wconf 86' lang='lat' dir='ltr'>ep.</span> <span class='ocrx_word' id='word_1_467' title='bbox 1461 2185 1567 2222; x_wconf 82' lang='lat'>2115.)</span> 
     </span>
    </p>
   </div>
   <div class='ocr_carea' id='block_1_18' title="bbox 608 2237 2224 2389">
    <p class='ocr_par' dir='ltr' id='par_1_25' title="bbox 608 2237 2224 2389">
     <span class='ocr_line' id='line_1_52' title="bbox 654 2237 2224 2279; baseline 0.003 -9"><span class='ocrx_word' id='word_1_468' title='bbox 654 2237 794 2271; x_wconf 78' lang='grc'>24644.</span> <span class='ocrx_word' id='word_1_469' title='bbox 824 2258 861 2263; x_wconf 87' lang='grc'>-</span> <span class='ocrx_word' id='word_1_470' title='bbox 888 2239 982 2270; x_wconf 83' lang='lat' dir='ltr'>Petro</span> <span class='ocrx_word' id='word_1_471' title='bbox 1003 2238 1172 2279; x_wconf 81' lang='lat' dir='ltr'>Aurifabri</span> <span class='ocrx_word' id='word_1_472' title='bbox 1194 2239 1321 2270; x_wconf 87' lang='lat' dir='ltr'>similis</span> <span class='ocrx_word' id='word_1_473' title='bbox 1347 2238 1456 2278; x_wconf 81' lang='lat' dir='ltr'>gratia</span> <span class='ocrx_word' id='word_1_474' title='bbox 1484 2238 1519 2269; x_wconf 91' lang='lat' dir='ltr'>in</span> <span class='ocrx_word' id='word_1_475' title='bbox 1551 2238 1633 2269; x_wconf 87' lang='lat' dir='ltr'>eccl.</span> <span class='ocrx_word' id='word_1_476' title='bbox 1663 2246 1690 2268; x_wconf 89' lang='lat' dir='ltr'>s.</span> <span class='ocrx_word' id='word_1_477' title='bbox 1725 2239 1850 2278; x_wconf 86' lang='lat' dir='ltr'>Reguli</span> <span class='ocrx_word' id='word_1_478' title='bbox 1880 2239 2160 2274; x_wconf 88' lang='lat' dir='ltr'>Silvanectensis.</span> <span class='ocrx_word' id='word_1_479' title='bbox 2185 2261 2224 2267; x_wconf 88' lang='lat'>·—</span> 
     </span>
     <span class='ocr_line' id='line_1_53' title="bbox 608 2291 2223 2333; baseline 0.001 -7"><span class='ocrx_word' id='word_1_480' title='bbox 608 2295 636 2326; x_wconf 94' lang='lat'>1.</span> <span class='ocrx_word' id='word_1_481' title='bbox 653 2304 683 2327; x_wconf 85' lang='lat' dir='ltr'>e.</span> <span class='ocrx_word' id='word_1_482' title='bbox 700 2304 746 2326; x_wconf 92' lang='lat' dir='ltr'>1n.</span> <span class='ocrx_word' id='word_1_483' title='bbox 764 2294 934 2325; x_wconf 88' lang='lat' dir='ltr'>Parisien.</span> <span class='ocrx_word' id='word_1_484' title='bbox 954 2294 986 2324; x_wconf 89' lang='lat' dir='ltr'>et</span> <span class='ocrx_word' id='word_1_485' title='bbox 1004 2293 1233 2326; x_wconf 86' lang='lat' dir='ltr'>Silvanecten.</span> <span class='ocrx_word' id='word_1_486' title='bbox 1249 2292 1399 2328; x_wconf 86' lang='lat' dir='ltr'>decanis,</span> <span class='ocrx_word' id='word_1_487' title='bbox 1420 2300 1458 2323; x_wconf 88' lang='lat' dir='ltr'>ac</span> <span class='ocrx_word' id='word_1_488' title='bbox 1477 2300 1550 2322; x_wconf 88' lang='lat' dir='ltr'>can.</span> <span class='ocrx_word' id='word_1_489' title='bbox 1569 2291 1777 2331; x_wconf 83' lang='lat' dir='ltr'>supradicto.</span> <span class='ocrx_word' id='word_1_490' title='bbox 1797 2292 1848 2333; x_wconf 88' lang='lat' dir='ltr'>(A.</span> <span class='ocrx_word' id='word_1_491' title='bbox 1866 2293 1918 2329; x_wconf 85' lang='grc'>25,</span> <span class='ocrx_word' id='word_1_492' title='bbox 1937 2293 1960 2324; x_wconf 90' lang='lat' dir='ltr'>f.</span> <span class='ocrx_word' id='word_1_493' title='bbox 1979 2295 2039 2326; x_wconf 80' lang='grc'>248</span> <span class='ocrx_word' id='word_1_494' title='bbox 2054 2295 2087 2332; x_wconf 68' lang='lat'>¹²,</span> <span class='ocrx_word' id='word_1_495' title='bbox 2113 2296 2148 2327; x_wconf 90' lang='lat' dir='ltr'>V.</span> <span class='ocrx_word' id='word_1_496' title='bbox 2172 2298 2223 2333; x_wconf 91' lang='grc'>81,</span> 
     </span>
     <span class='ocr_line' id='line_1_54' title="bbox 608 2347 786 2389; baseline -0.006 -9"><span class='ocrx_word' id='word_1_497' title='bbox 608 2357 661 2389; x_wconf 78' lang='lat' dir='ltr'>ep.</span> <span class='ocrx_word' id='word_1_498' title='bbox 677 2347 786 2387; x_wconf 78' lang='lat'>2116.)</span> 
     </span>
    </p>
   </div>
   <div class='ocr_carea' id='block_1_19' title="bbox 607 2398 2226 2926">
    <p class='ocr_par' dir='ltr' id='par_1_26' title="bbox 607 2398 2226 2605">
     <span class='ocr_line' id='line_1_55' title="bbox 653 2398 2226 2441; baseline 0.001 -8"><span class='ocrx_word' id='word_1_499' title='bbox 653 2398 792 2433; x_wconf 79' lang='grc'>24645.</span> <span class='ocrx_word' id='word_1_500' title='bbox 810 2418 849 2423; x_wconf 91' lang='grc'>-</span> <span class='ocrx_word' id='word_1_501' title='bbox 864 2400 997 2431; x_wconf 82' lang='lat' dir='ltr'>Roberto</span> <span class='ocrx_word' id='word_1_502' title='bbox 1012 2400 1048 2430; x_wconf 81' lang='lat' dir='ltr'>de</span> <span class='ocrx_word' id='word_1_503' title='bbox 1060 2398 1183 2430; x_wconf 82' lang='lat' dir='ltr'>Murato</span> <span class='ocrx_word' id='word_1_504' title='bbox 1200 2408 1295 2439; x_wconf 88' lang='lat' dir='ltr'>prov.</span> <span class='ocrx_word' id='word_1_505' title='bbox 1315 2408 1433 2430; x_wconf 90' lang='lat' dir='ltr'>canon.</span> <span class='ocrx_word' id='word_1_506' title='bbox 1461 2399 1525 2430; x_wconf 89' lang='lat' dir='ltr'>sub</span> <span class='ocrx_word' id='word_1_507' title='bbox 1546 2407 1644 2438; x_wconf 83' lang='lat' dir='ltr'>exsp.</span> <span class='ocrx_word' id='word_1_508' title='bbox 1666 2398 1771 2438; x_wconf 88' lang='lat' dir='ltr'>praeb.</span> <span class='ocrx_word' id='word_1_509' title='bbox 1789 2400 1870 2431; x_wconf 84' lang='lat' dir='ltr'>eccl.</span> <span class='ocrx_word' id='word_1_510' title='bbox 1894 2401 2175 2441; x_wconf 72' lang='lat' dir='ltr'>silvanectensis,</span> <span class='ocrx_word' id='word_1_511' title='bbox 2191 2405 2226 2435; x_wconf 91' lang='lat' dir='ltr'>in</span> 
     </span>
     <span class='ocr_line' id='line_1_56' title="bbox 609 2451 2223 2498; baseline 0.001 -10"><span class='ocrx_word' id='word_1_512' title='bbox 609 2465 676 2498; x_wconf 87' lang='lat' dir='ltr'>qua</span> <span class='ocrx_word' id='word_1_513' title='bbox 691 2464 811 2488; x_wconf 88' lang='lat' dir='ltr'>canon.</span> <span class='ocrx_word' id='word_1_514' title='bbox 828 2457 861 2486; x_wconf 87' lang='lat' dir='ltr'>et</span> <span class='ocrx_word' id='word_1_515' title='bbox 882 2454 987 2495; x_wconf 82' lang='lat' dir='ltr'>praeb.</span> <span class='ocrx_word' id='word_1_516' title='bbox 1012 2454 1150 2485; x_wconf 85' lang='lat' dir='ltr'>collatio</span> <span class='ocrx_word' id='word_1_517' title='bbox 1171 2453 1213 2485; x_wconf 85' lang='lat' dir='ltr'>ad</span> <span class='ocrx_word' id='word_1_518' title='bbox 1233 2461 1349 2493; x_wconf 72' lang='lat' dir='ltr'>epum</span> <span class='ocrx_word' id='word_1_519' title='bbox 1364 2453 1592 2485; x_wconf 86' lang='lat' dir='ltr'>Silvanecten.</span> <span class='ocrx_word' id='word_1_520' title='bbox 1613 2451 1689 2492; x_wconf 77' lang='lat' dir='ltr'>Jure</span> <span class='ocrx_word' id='word_1_521' title='bbox 1706 2453 1880 2485; x_wconf 91' lang='lat' dir='ltr'>ordinario</span> <span class='ocrx_word' id='word_1_522' title='bbox 1896 2454 2066 2493; x_wconf 88' lang='lat' dir='ltr'>pertinere</span> <span class='ocrx_word' id='word_1_523' title='bbox 2087 2457 2223 2489; x_wconf 84' lang='lat' dir='ltr'>dicitur.</span> 
     </span>
     <span class='ocr_line' id='line_1_57' title="bbox 607 2505 2224 2550; baseline -0.001 -8"><span class='ocrx_word' id='word_1_524' title='bbox 607 2528 647 2534; x_wconf 89' lang='lat'><strong>—</strong></span> <span class='ocrx_word' id='word_1_525' title='bbox 670 2511 697 2542; x_wconf 92' lang='lat'>1.</span> <span class='ocrx_word' id='word_1_526' title='bbox 719 2519 749 2542; x_wconf 87' lang='lat' dir='ltr'>e.</span> <span class='ocrx_word' id='word_1_527' title='bbox 775 2518 819 2540; x_wconf 90' lang='lat' dir='ltr'>m.</span> <span class='ocrx_word' id='word_1_528' title='bbox 845 2510 883 2540; x_wconf 82' lang='lat' dir='ltr'>ut</span> <span class='ocrx_word' id='word_1_529' title='bbox 907 2518 935 2540; x_wconf 88' lang='lat' dir='ltr'>s.</span> <span class='ocrx_word' id='word_1_530' title='bbox 960 2508 1106 2549; x_wconf 80' lang='lat' dir='ltr'>(Cassata</span> <span class='ocrx_word' id='word_1_531' title='bbox 1132 2512 1178 2538; x_wconf 79' lang='lat' dir='ltr'>est</span> <span class='ocrx_word' id='word_1_532' title='bbox 1199 2507 1237 2538; x_wconf 80' lang='lat' dir='ltr'>de</span> <span class='ocrx_word' id='word_1_533' title='bbox 1256 2506 1361 2537; x_wconf 83' lang='lat' dir='ltr'>mand.</span> <span class='ocrx_word' id='word_1_534' title='bbox 1380 2506 1448 2537; x_wconf 74' lang='lat' dir='ltr'>dm·</span> <span class='ocrx_word' id='word_1_535' title='bbox 1469 2505 1740 2545; x_wconf 81' lang='lat' dir='ltr'>vicecancellarii).</span> <span class='ocrx_word' id='word_1_536' title='bbox 1769 2508 1821 2546; x_wconf 85' lang='lat' dir='ltr'>(A.</span> <span class='ocrx_word' id='word_1_537' title='bbox 1846 2509 1898 2546; x_wconf 86' lang='grc'>25,</span> <span class='ocrx_word' id='word_1_538' title='bbox 1927 2508 1949 2539; x_wconf 90' lang='lat' dir='ltr'>f.</span> <span class='ocrx_word' id='word_1_539' title='bbox 1975 2510 2036 2541; x_wconf 77' lang='grc'>249</span> <span class='ocrx_word' id='word_1_540' title='bbox 2056 2515 2084 2548; x_wconf 72' lang='lat'>³3</span> <span class='ocrx_word' id='word_1_541' title='bbox 2114 2511 2149 2542; x_wconf 79' lang='lat' dir='ltr'>V.</span> <span class='ocrx_word' id='word_1_542' title='bbox 2173 2513 2224 2550; x_wconf 79' lang='lat'>81,</span> 
     </span>
     <span class='ocr_line' id='line_1_58' title="bbox 609 2565 789 2605; baseline -0.006 -8"><span class='ocrx_word' id='word_1_543' title='bbox 609 2574 665 2605; x_wconf 80' lang='lat' dir='ltr'>ep.</span> <span class='ocrx_word' id='word_1_544' title='bbox 681 2565 789 2602; x_wconf 78' lang='lat'>2119.)</span> 
     </span>
    </p>

    <p class='ocr_par' dir='ltr' id='par_1_27' title="bbox 608 2613 2225 2820">
     <span class='ocr_line' id='line_1_59' title="bbox 653 2613 2225 2657; baseline 0.001 -9"><span class='ocrx_word' id='word_1_545' title='bbox 653 2614 793 2648; x_wconf 83' lang='grc'>24646.</span> <span class='ocrx_word' id='word_1_546' title='bbox 810 2635 848 2640; x_wconf 90' lang='grc'>-</span> <span class='ocrx_word' id='word_1_547' title='bbox 865 2615 1006 2648; x_wconf 81' lang='lat' dir='ltr'>Jordano</span> <span class='ocrx_word' id='word_1_548' title='bbox 1029 2614 1177 2654; x_wconf 65' lang='lat' dir='ltr'>Ferrolh,</span> <span class='ocrx_word' id='word_1_549' title='bbox 1196 2623 1269 2647; x_wconf 88' lang='lat' dir='ltr'>can.</span> <span class='ocrx_word' id='word_1_550' title='bbox 1288 2615 1436 2646; x_wconf 86' lang='lat' dir='ltr'>monast.</span> <span class='ocrx_word' id='word_1_551' title='bbox 1461 2614 1608 2652; x_wconf 83' lang='lat' dir='ltr'>Fuxen.,</span> <span class='ocrx_word' id='word_1_552' title='bbox 1625 2613 1664 2646; x_wconf 92' lang='lat' dir='ltr'>O.</span> <span class='ocrx_word' id='word_1_553' title='bbox 1685 2613 1721 2645; x_wconf 89' lang='lat' dir='ltr'>S.</span> <span class='ocrx_word' id='word_1_554' title='bbox 1744 2614 1799 2651; x_wconf 86' lang='lat' dir='ltr'>A.‚</span> <span class='ocrx_word' id='word_1_555' title='bbox 1818 2615 2017 2655; x_wconf 87' lang='lat' dir='ltr'>Appamiar.</span> <span class='ocrx_word' id='word_1_556' title='bbox 2040 2616 2099 2654; x_wconf 88' lang='lat' dir='ltr'>di.,</span> <span class='ocrx_word' id='word_1_557' title='bbox 2116 2618 2225 2657; x_wconf 82' lang='lat' dir='ltr'>gratia</span> 
     </span>
     <span class='ocr_line' id='line_1_60' title="bbox 609 2667 2223 2712; baseline 0 -9"><span class='ocrx_word' id='word_1_558' title='bbox 609 2680 705 2712; x_wconf 86' lang='lat' dir='ltr'>exsp.</span> <span class='ocrx_word' id='word_1_559' title='bbox 722 2671 910 2712; x_wconf 84' lang='lat' dir='ltr'>prioratus,</span> <span class='ocrx_word' id='word_1_560' title='bbox 929 2670 985 2702; x_wconf 88' lang='lat' dir='ltr'>off.</span> <span class='ocrx_word' id='word_1_561' title='bbox 1004 2669 1059 2701; x_wconf 89' lang='lat' dir='ltr'>vel</span> <span class='ocrx_word' id='word_1_562' title='bbox 1074 2669 1202 2707; x_wconf 61' lang='lat' dir='ltr'>benef„</span> <span class='ocrx_word' id='word_1_563' title='bbox 1219 2669 1262 2700; x_wconf 84' lang='lat' dir='ltr'>ad</span> <span class='ocrx_word' id='word_1_564' title='bbox 1274 2668 1387 2700; x_wconf 88' lang='lat' dir='ltr'>collat.</span> <span class='ocrx_word' id='word_1_565' title='bbox 1405 2667 1481 2699; x_wconf 86' lang='lat' dir='ltr'>abb.</span> <span class='ocrx_word' id='word_1_566' title='bbox 1497 2669 1530 2699; x_wconf 90' lang='lat' dir='ltr'>et</span> <span class='ocrx_word' id='word_1_567' title='bbox 1546 2676 1643 2699; x_wconf 87' lang='lat' dir='ltr'>conv.</span> <span class='ocrx_word' id='word_1_568' title='bbox 1662 2667 1775 2707; x_wconf 88' lang='lat' dir='ltr'>ipsius</span> <span class='ocrx_word' id='word_1_569' title='bbox 1797 2669 1945 2700; x_wconf 89' lang='lat' dir='ltr'>monast.</span> <span class='ocrx_word' id='word_1_570' title='bbox 1962 2669 2101 2709; x_wconf 72' lang='lat' dir='ltr'>pertin,</span> <span class='ocrx_word' id='word_1_571' title='bbox 2116 2672 2148 2702; x_wconf 88' lang='lat' dir='ltr'>et</span> <span class='ocrx_word' id='word_1_572' title='bbox 2163 2680 2223 2711; x_wconf 91' lang='lat' dir='ltr'>per</span> 
     </span>
     <span class='ocr_line' id='line_1_61' title="bbox 608 2721 2223 2766; baseline -0.001 -10"><span class='ocrx_word' id='word_1_573' title='bbox 608 2725 720 2766; x_wconf 85' lang='lat' dir='ltr'>ipsius</span> <span class='ocrx_word' id='word_1_574' title='bbox 737 2733 811 2756; x_wconf 91' lang='lat' dir='ltr'>can.</span> <span class='ocrx_word' id='word_1_575' title='bbox 831 2723 924 2755; x_wconf 90' lang='lat' dir='ltr'>soliti</span> <span class='ocrx_word' id='word_1_576' title='bbox 945 2722 1024 2764; x_wconf 89' lang='lat' dir='ltr'>gub.</span> <span class='ocrx_word' id='word_1_577' title='bbox 1042 2741 1082 2746; x_wconf 93' lang='lat'><strong>—</strong></span> <span class='ocrx_word' id='word_1_578' title='bbox 1097 2723 1123 2754; x_wconf 91' lang='lat'>1.</span> <span class='ocrx_word' id='word_1_579' title='bbox 1142 2731 1172 2754; x_wconf 90' lang='lat' dir='ltr'>e.</span> <span class='ocrx_word' id='word_1_580' title='bbox 1194 2731 1238 2754; x_wconf 92' lang='lat' dir='ltr'>m.</span> <span class='ocrx_word' id='word_1_581' title='bbox 1261 2731 1365 2762; x_wconf 85' lang='lat' dir='ltr'>praep.</span> <span class='ocrx_word' id='word_1_582' title='bbox 1380 2721 1612 2757; x_wconf 86' lang='lat' dir='ltr'>-Avenionen.‚</span> <span class='ocrx_word' id='word_1_583' title='bbox 1629 2722 1662 2752; x_wconf 90' lang='lat' dir='ltr'>et</span> <span class='ocrx_word' id='word_1_584' title='bbox 1679 2721 1806 2753; x_wconf 88' lang='lat' dir='ltr'>archid.</span> <span class='ocrx_word' id='word_1_585' title='bbox 1827 2730 1865 2753; x_wconf 86' lang='lat' dir='ltr'>ac</span> <span class='ocrx_word' id='word_1_586' title='bbox 1880 2722 2026 2762; x_wconf 85' lang='lat' dir='ltr'>archipr.</span> <span class='ocrx_word' id='word_1_587' title='bbox 2046 2723 2223 2756; x_wconf 84' lang='lat' dir='ltr'>Carcasso-</span> 
     </span>
     <span class='ocr_line' id='line_1_62' title="bbox 609 2776 1387 2820; baseline -0.005 -10"><span class='ocrx_word' id='word_1_588' title='bbox 609 2787 686 2810; x_wconf 88' lang='lat' dir='ltr'>nen.</span> <span class='ocrx_word' id='word_1_589' title='bbox 702 2778 783 2810; x_wconf 86' lang='lat' dir='ltr'>eccl.</span> <span class='ocrx_word' id='word_1_590' title='bbox 800 2777 852 2819; x_wconf 89' lang='lat' dir='ltr'>(A.</span> <span class='ocrx_word' id='word_1_591' title='bbox 870 2779 924 2815; x_wconf 75' lang='grc'>24,</span> <span class='ocrx_word' id='word_1_592' title='bbox 940 2777 964 2808; x_wconf 83' lang='lat' dir='ltr'>f.</span> <span class='ocrx_word' id='word_1_593' title='bbox 981 2778 1042 2809; x_wconf 77' lang='grc'>496</span> <span class='ocrx_word' id='word_1_594' title='bbox 1059 2776 1090 2814; x_wconf 77' lang='lat'>¹²3</span> <span class='ocrx_word' id='word_1_595' title='bbox 1109 2776 1146 2820; x_wconf 86' lang='lat' dir='ltr'>V.</span> <span class='ocrx_word' id='word_1_596' title='bbox 1162 2777 1214 2813; x_wconf 91' lang='grc'>80,</span> <span class='ocrx_word' id='word_1_597' title='bbox 1231 2785 1283 2816; x_wconf 91' lang='lat' dir='ltr'>ep.</span> <span class='ocrx_word' id='word_1_598' title='bbox 1301 2776 1387 2814; x_wconf 86' lang='grc'>973.)</span> 
     </span>
    </p>

    <p class='ocr_par' dir='ltr' id='par_1_28' title="bbox 609 2827 2222 2926">
     <span class='ocr_line' id='line_1_63' title="bbox 654 2827 2221 2871; baseline -0.001 -10"><span class='ocrx_word' id='word_1_599' title='bbox 654 2828 791 2861; x_wconf 81' lang='grc'>24647.</span> <span class='ocrx_word' id='word_1_600' title='bbox 816 2849 855 2855; x_wconf 91' lang='grc'>-</span> <span class='ocrx_word' id='word_1_601' title='bbox 880 2830 1004 2862; x_wconf 71' lang='lat' dir='ltr'>Dec-ano</span> <span class='ocrx_word' id='word_1_602' title='bbox 1019 2829 1251 2871; x_wconf 64' lang='lat' dir='ltr'>Enyolismen„</span> <span class='ocrx_word' id='word_1_603' title='bbox 1273 2833 1303 2860; x_wconf 86' lang='lat' dir='ltr'>et</span> <span class='ocrx_word' id='word_1_604' title='bbox 1317 2827 1436 2859; x_wconf 80' lang='lat' dir='ltr'>archid.</span> <span class='ocrx_word' id='word_1_605' title='bbox 1455 2827 1492 2858; x_wconf 87' lang='lat' dir='ltr'>de</span> <span class='ocrx_word' id='word_1_606' title='bbox 1512 2827 1691 2868; x_wconf 79' lang='lat' dir='ltr'>Villalonqa</span> <span class='ocrx_word' id='word_1_607' title='bbox 1709 2827 1869 2863; x_wconf 61' lang='lat' dir='ltr'>Tolosam,</span> <span class='ocrx_word' id='word_1_608' title='bbox 1890 2837 1925 2857; x_wconf 83' lang='lat' dir='ltr'>ac</span> <span class='ocrx_word' id='word_1_609' title='bbox 1947 2827 2083 2869; x_wconf 71' lang='lat' dir='ltr'>archipr.</span> <span class='ocrx_word' id='word_1_610' title='bbox 2107 2828 2144 2859; x_wconf 83' lang='lat' dir='ltr'>de</span> <span class='ocrx_word' id='word_1_611' title='bbox 2164 2828 2221 2860; x_wconf 89' lang='lat' dir='ltr'>Ca-</span> 
     </span>
     <span class='ocr_line' id='line_1_64' title="bbox 609 2874 2222 2926; baseline -0.001 -10"><span class='ocrx_word' id='word_1_612' title='bbox 609 2884 816 2926; x_wconf 75' lang='lat' dir='ltr'>ramaqltano,</span> <span class='ocrx_word' id='word_1_613' title='bbox 835 2883 978 2916; x_wconf 76' lang='lat' dir='ltr'>Tolosam.</span> <span class='ocrx_word' id='word_1_614' title='bbox 994 2883 1051 2922; x_wconf 71' lang='lat' dir='ltr'>di.,</span> <span class='ocrx_word' id='word_1_615' title='bbox 1073 2883 1146 2914; x_wconf 83' lang='lat' dir='ltr'>eccl.</span> <span class='ocrx_word' id='word_1_616' title='bbox 1164 2883 1277 2915; x_wconf 83' lang='lat' dir='ltr'>mand.</span> <span class='ocrx_word' id='word_1_617' title='bbox 1293 2883 1331 2914; x_wconf 81' lang='lat' dir='ltr'>ut</span> <span class='ocrx_word' id='word_1_618' title='bbox 1343 2882 1534 2913; x_wconf 86' lang='lat' dir='ltr'>Arnaldum</span> <span class='ocrx_word' id='word_1_619' title='bbox 1551 2881 1592 2912; x_wconf 85' lang='lat' dir='ltr'>de</span> <span class='ocrx_word' id='word_1_620' title='bbox 1607 2881 1786 2921; x_wconf 85' lang='lat' dir='ltr'>Lupoalto‚</span> <span class='ocrx_word' id='word_1_621' title='bbox 1800 2880 1881 2912; x_wconf 88' lang='lat' dir='ltr'>cler.</span> <span class='ocrx_word' id='word_1_622' title='bbox 1899 2881 2022 2912; x_wconf 90' lang='lat' dir='ltr'>Riven.</span> <span class='ocrx_word' id='word_1_623' title='bbox 2039 2882 2099 2919; x_wconf 91' lang='lat' dir='ltr'>di.,</span> <span class='ocrx_word' id='word_1_624' title='bbox 2115 2874 2222 2923; x_wconf 77' lang='lat' dir='ltr'>recipi</span> 
     </span>
    </p>
   </div>
   <div class='ocr_carea' id='block_1_20' title="bbox 610 2933 2224 3085">
    <p class='ocr_par' dir='ltr' id='par_1_29' title="bbox 610 2933 2224 3085">
     <span class='ocr_line' id='line_1_65' title="bbox 610 2933 2224 2976; baseline -0.001 -7"><span class='ocrx_word' id='word_1_625' title='bbox 610 2938 736 2970; x_wconf 85' lang='lat' dir='ltr'>faciant</span> <span class='ocrx_word' id='word_1_626' title='bbox 753 2938 788 2970; x_wconf 92' lang='lat' dir='ltr'>in</span> <span class='ocrx_word' id='word_1_627' title='bbox 803 2939 950 2970; x_wconf 86' lang='lat' dir='ltr'>monast.</span> <span class='ocrx_word' id='word_1_628' title='bbox 967 2937 1133 2974; x_wconf 84' lang='lat' dir='ltr'>Fuxensi,</span> <span class='ocrx_word' id='word_1_629' title='bbox 1150 2937 1189 2970; x_wconf 94' lang='lat' dir='ltr'>O.</span> <span class='ocrx_word' id='word_1_630' title='bbox 1207 2936 1240 2968; x_wconf 87' lang='lat' dir='ltr'>S.</span> <span class='ocrx_word' id='word_1_631' title='bbox 1255 2936 1311 2971; x_wconf 87' lang='lat' dir='ltr'>A.‚</span> <span class='ocrx_word' id='word_1_632' title='bbox 1332 2935 1532 2976; x_wconf 87' lang='lat' dir='ltr'>Appamiar.</span> <span class='ocrx_word' id='word_1_633' title='bbox 1550 2934 1596 2965; x_wconf 92' lang='lat' dir='ltr'>di.</span> <span class='ocrx_word' id='word_1_634' title='bbox 1623 2934 1677 2974; x_wconf 89' lang='lat' dir='ltr'>(A.</span> <span class='ocrx_word' id='word_1_635' title='bbox 1698 2934 1750 2969; x_wconf 76' lang='lat'>24,</span> <span class='ocrx_word' id='word_1_636' title='bbox 1769 2934 1791 2965; x_wconf 80' lang='lat' dir='ltr'>f.</span> <span class='ocrx_word' id='word_1_637' title='bbox 1804 2933 1877 2965; x_wconf 70' lang='grc'>’493</span> <span class='ocrx_word' id='word_1_638' title='bbox 1892 2933 1922 2970; x_wconf 78' lang='lat' dir='ltr'>b;</span> <span class='ocrx_word' id='word_1_639' title='bbox 1949 2933 1981 2966; x_wconf 91' lang='lat' dir='ltr'>V.</span> <span class='ocrx_word' id='word_1_640' title='bbox 1999 2936 2050 2972; x_wconf 86' lang='grc'>80,</span> <span class='ocrx_word' id='word_1_641' title='bbox 2067 2944 2119 2975; x_wconf 86' lang='lat' dir='ltr'>ep.</span> <span class='ocrx_word' id='word_1_642' title='bbox 2136 2937 2224 2975; x_wconf 82' lang='lat'>974.)</span> 
     </span>
     <span class='ocr_line' id='line_1_66' title="bbox 655 2986 2221 3032; baseline -0.001 -10"><span class='ocrx_word' id='word_1_643' title='bbox 655 2988 794 3022; x_wconf 85' lang='grc'>24648.</span> <span class='ocrx_word' id='word_1_644' title='bbox 811 3009 850 3015; x_wconf 91' lang='grc'>-</span> <span class='ocrx_word' id='word_1_645' title='bbox 864 2991 981 3022; x_wconf 80' lang='lat' dir='ltr'>Joanni</span> <span class='ocrx_word' id='word_1_646' title='bbox 996 2991 1033 3022; x_wconf 86' lang='lat' dir='ltr'>de</span> <span class='ocrx_word' id='word_1_647' title='bbox 1049 2990 1191 3032; x_wconf 87' lang='lat' dir='ltr'>Capella,</span> <span class='ocrx_word' id='word_1_648' title='bbox 1208 2994 1280 3020; x_wconf 80' lang='lat' dir='ltr'>nalo</span> <span class='ocrx_word' id='word_1_649' title='bbox 1296 3000 1328 3021; x_wconf 80' lang='lat' dir='ltr'>n.</span> <span class='ocrx_word' id='word_1_650' title='bbox 1344 2999 1372 3020; x_wconf 88' lang='lat' dir='ltr'>v.</span> <span class='ocrx_word' id='word_1_651' title='bbox 1389 2988 1530 3029; x_wconf 74' lang='lat' dir='ltr'>Huqonis</span> <span class='ocrx_word' id='word_1_652' title='bbox 1543 2987 1580 3019; x_wconf 85' lang='lat' dir='ltr'>de</span> <span class='ocrx_word' id='word_1_653' title='bbox 1596 2986 1737 3028; x_wconf 83' lang='lat' dir='ltr'>Capella,</span> <span class='ocrx_word' id='word_1_654' title='bbox 1754 2996 1849 3027; x_wconf 88' lang='lat' dir='ltr'>prov.</span> <span class='ocrx_word' id='word_1_655' title='bbox 1866 2995 1985 3019; x_wconf 88' lang='lat' dir='ltr'>canon.</span> <span class='ocrx_word' id='word_1_656' title='bbox 2003 2988 2084 3019; x_wconf 90' lang='lat' dir='ltr'>eccl.</span> <span class='ocrx_word' id='word_1_657' title='bbox 2101 2989 2221 3021; x_wconf 87' lang='lat' dir='ltr'>Belva-</span> 
     </span>
     <span class='ocr_line' id='line_1_67' title="bbox 611 3039 2221 3085; baseline -0.001 -10"><span class='ocrx_word' id='word_1_658' title='bbox 611 3052 683 3077; x_wconf 88' lang='lat' dir='ltr'>een.</span> <span class='ocrx_word' id='word_1_659' title='bbox 701 3044 765 3076; x_wconf 90' lang='lat' dir='ltr'>suh</span> <span class='ocrx_word' id='word_1_660' title='bbox 781 3053 878 3084; x_wconf 86' lang='lat' dir='ltr'>exsp.</span> <span class='ocrx_word' id='word_1_661' title='bbox 897 3044 1000 3085; x_wconf 87' lang='lat' dir='ltr'>praeb.</span> <span class='ocrx_word' id='word_1_662' title='bbox 1023 3044 1151 3081; x_wconf 82' lang='lat' dir='ltr'>liberae,</span> <span class='ocrx_word' id='word_1_663' title='bbox 1175 3044 1327 3084; x_wconf 80' lang='lat' dir='ltr'>integrae,</span> <span class='ocrx_word' id='word_1_664' title='bbox 1346 3051 1413 3074; x_wconf 91' lang='lat' dir='ltr'>non</span> <span class='ocrx_word' id='word_1_665' title='bbox 1436 3040 1660 3073; x_wconf 85' lang='lat' dir='ltr'>sacerdotalis</span> <span class='ocrx_word' id='word_1_666' title='bbox 1666 3050 1675 3076; x_wconf 77' lang='lat'><em>3</em></span> <span class='ocrx_word' id='word_1_667' title='bbox 1699 3049 1767 3071; x_wconf 91' lang='lat' dir='ltr'>non</span> <span class='ocrx_word' id='word_1_668' title='bbox 1784 3039 1871 3071; x_wconf 90' lang='lat' dir='ltr'>obst.</span> <span class='ocrx_word' id='word_1_669' title='bbox 1895 3040 1932 3071; x_wconf 92' lang='lat' dir='ltr'>in</span> <span class='ocrx_word' id='word_1_670' title='bbox 1957 3041 2160 3081; x_wconf 85' lang='lat' dir='ltr'>Lugdunen.</span> <span class='ocrx_word' id='word_1_671' title='bbox 2187 3044 2221 3074; x_wconf 87' lang='lat' dir='ltr'>et</span> 
     </span>
    </p>
   </div>
  </div>
 </body>
</html>
