2540 3496
208 456 313 483 Datum
347 453 532 485 Avenione.

220 559 234 586 4
249 559 333 594 (kal.)
346 561 416 587 maii
432 559 520 587 1326.

242 605 272 631 T.
294 605 376 639 XXX,
390 605 498 632 xxxii.

331 934 365 962 Ut
383 943 406 962 s.

276 978 305 1004 T.
324 979 370 1012 xl,
387 979 459 1006 XIII.

326 1147 360 1174 Ut
379 1155 403 1174 s.

289 1192 318 1219 T.
342 1192 438 1219 xxiv.

324 1467 358 1494 Ut
375 1475 399 1494 s.

270 1512 300 1538 T.
319 1512 365 1546 x1,
379 1512 451 1539 xm.

322 1789 356 1817 Ut
377 1798 401 1817 s.
421 1790 429 1809 ¹

261 1833 291 1860 T.
311 1833 371 1868 XII,
386 1833 457 1861 XIV.

320 1949 355 1976 Ut
376 1957 399 1976 s.

259 1993 304 2020 Gr.
322 2002 372 2028 pro
387 1994 454 2021 Deo.

318 2215 352 2243 L‘t
368 2223 392 2243 S.

257 2261 302 2287 Gr.
316 2268 367 2295 pro
382 2261 450 2288 Deo.

319 2322 353 2350 Ut
369 2331 393 2349 s.

263 2366 292 2392 Τ.
310 2367 355 2400 xl,
373 2367 446 2394 XIII.

315 2589 351 2617 Ut
369 2598 392 2617 s.

213 2633 243 2660 T.
261 2634 296 2661 XI
314 2635 356 2670 ¹l2,
371 2635 434 2663 XIII
452 2638 494 2670 ¹l2.

313 2856 348 2884 Ut
366 2865 389 2883 s.

262 2900 292 2927 Τ.
311 2901 357 2933 XI,
373 2901 446 2930 xlll.

575 366 750 397 JOANNIS
774 366 892 396 PAPAE
914 366 1016 403 XXII.
1041 367 1289 404 (1316-1334).
1315 383 1354 388 —-
1375 364 1562 395 LITTERAE
1586 363 1812 394 COMMUNES
2167 366 2237 395 175-

660 554 852 586 25131-
882 557 1007 588 Mathiae
1033 557 1194 598 archiep.o
1224 556 1405 597 Maquntino
1437 556 1632 596 indulgetur
1661 557 1698 587 ut
1725 555 1952 587 cathedralem
1976 555 2234 592 Constantien.‚.

614 612 769 651 aliasque
788 611 882 642 civit.
901 613 934 643 et
949 611 996 642 di.
1013 611 1248 642 Constantien.
1266 620 1304 642 ac
1328 611 1474 641 aliarum
1495 610 1672 641 civitatum
1690 611 1723 640 et
1746 609 1792 640 di.
1811 609 1995 649 provinciae
2019 608 2224 648 Maguntinae

580 662 581 677 ²
615 665 790 702 ecclesias,
811 665 911 705 juxta
935 665 1059 696 indult.
1079 665 1145 704 ipsi
1170 665 1212 695 ad
1228 664 1403 695 biennium
1431 672 1643 699 concessum,
1659 672 1719 703 per
1736 662 1881 694 alterum
1900 662 2041 693 visitare
2064 663 2176 694 valeat
2193 665 2224 693 et

615 718 872 759 procurationes
890 718 924 748 in
942 718 1087 758 pecunia
1103 720 1281 749 numerata
1296 718 1460 757 recipere,
1479 725 1545 747 non
1567 716 1654 748 obst.
1673 716 1763 756 quod
1781 724 1879 756 ep.us
1895 718 1928 747 et
1941 716 2042 756 capit.
2061 717 2223 747 Constan-

579 797 581 818 ;
613 772 694 803 tien.
714 771 755 802 ab
785 771 981 811 hujusmodi
1010 771 1142 802 indulto
1171 771 1213 802 ad
1230 772 1264 802 S.
1287 773 1328 802 A.
1347 770 1608 810 appellaverint.
1637 789 1674 793 —
1693 770 1718 801 1.
1745 779 1774 801 e.
1793 778 1838 801 m.
1874 769 1988 800 abbati
2018 772 2162 801 monast.
2190 770 2230 800 in,

579 819 581 836 ³
614 825 817 862 Amorbach,
838 827 870 856 et
889 820 1194 865 praep.'Pinguen.,
1211 834 1248 855 ac
1266 825 1392 855 decano
1407 825 1442 854 in
1458 823 1738 863 Aschaffenburg,
1752 823 1972 863 Herbipolen.
1986 826 2018 854 et
2035 823 2223 863 Maguntin.

613 879 673 915 di.,
692 878 773 910 eccl.
793 879 844 918 (A.
861 880 911 915 24,
931 878 954 909 f.
968 879 1029 910 666
1042 883 1070 913 ·;
1093 878 1129 909 V.
1144 879 1196 912 80,
1216 886 1269 917 ep.
1287 879 1367 908 1398
1381 877 1436 916 A.)

658 928 794 961 25135.
812 950 849 954 -
866 931 1031 963 Guillelmo
1045 931 1082 962 de
1103 930 1246 966 Patr-ilia,
1261 931 1362 970 Papae
1381 930 1557 968 familiari,
1577 931 1713 962 collatio
1732 939 1850 962 canon.
1871 933 1903 962 et
1918 930 2022 970 praeb.
2040 931 2121 962 eccl.
2142 931 2222 962 Ani-

612 985 751 1020 ciensis,
769 994 840 1016 vac.
856 993 916 1024 per
940 985 1102 1025 resignat.
1123 984 1311 1016 Raimundi
1327 984 1367 1015 de
1386 984 1506 1015 Uzetia
1522 984 1611 1023 apud
1627 984 1660 1015 S.
1679 985 1719 1015 A.
1737 986 1857 1024 sponte
1872 984 2007 1015 factam.
2023 1003 2061 1007 —
2078 985 2105 1016 Ι.
2130 993 2158 1016 8.
2177 993 2221 1015 m.

609 1047 686 1079 ep.o
715 1038 871 1076 Rivonsi,
905 1039 938 1069 et
970 1046 1073 1078 praep.
1105 1037 1330 1075 Avenionen.‚
1359 1046 1398 1068 ac
1427 1037 1555 1068 archid.
1584 1037 1756 1077 Figiacen.
1783 1037 1959 1069 Caturcen.
1990 1038 2070 1069 eccl.
2099 1038 2153 1078 (A.
2170 1039 2224 1075 24,

609 1091 631 1123 f.
652 1093 713 1124 670
730 1097 758 1129 ³5
779 1091 811 1122 V.
834 1092 886 1128 80,
906 1100 958 1130 ep.
977 1092 1081 1131 1402.)

653 1142 791 1175 25136.
815 1162 847 1166 -
873 1144 997 1175 Dec-ano
1015 1144 1089 1175 eccl.
1117 1144 1154 1175 de
1173 1143 1329 1182 Βανὶαιὶο,
1349 1143 1489 1175 Castren.
1508 1143 1565 1178 di.,
1593 1144 1707 1174 mand.
1736 1146 1772 1176 ut
1788 1144 1904 1175 Bruno
1932 1145 1972 1176 de
1989 1145 2120 1181 Juzico,
2147 1154 2219 1176 can.

607 1198 867 1238 Burdegalensi,
884 1197 1058 1229 executori
1080 1198 1277 1229 testamenti
1296 1206 1315 1229 a
1338 1197 1372 1228 b.
1390 1206 1456 1228 me.
1474 1197 1621 1229 Geraldo
1640 1206 1716 1237 epo
1732 1197 1890 1229 Albiensi
1913 1198 1953 1230 de
1973 1198 2112 1230 licentia
2130 1200 2170 1230 Α.
2187 1200 2222 1230 S.

607 1252 763 1289 confecti,
781 1253 813 1283 et
829 1252 1018 1283 Bertrando
1043 1252 1084 1283 de
1110 1251 1253 1288 Eulalia,
1272 1251 1454 1282 domicello
1479 1251 1701 1282 Condomien.
1717 1251 1776 1288 di.,
1796 1250 1903 1290 ejusd.
1918 1252 1986 1291 ep.i
2006 1252 2134 1291 nepoti,
2151 1261 2220 1283 res-

607 1305 684 1337 titui
702 1305 804 1336 faciat
822 1305 910 1336 bona
927 1305 1039 1345 ipsius
1057 1305 1137 1345 ep.i‚
1152 1314 1238 1345 quae,
1255 1305 1335 1336 licet
1346 1314 1407 1344 per
1421 1304 1632 1336 Clementem
1648 1305 1685 1335 P.
1703 1305 1741 1336 P.
1753 1305 1783 1336 V
1799 1304 1841 1335 ad
1859 1313 1980 1335 manus
1998 1305 2105 1345 ejusd.
2123 1305 2224 1337 Sedis

605 1359 718 1398 posita
742 1358 880 1396 suerint,
906 1358 1086 1396 Beraldus,
1114 1359 1224 1398 ipsius
1250 1358 1390 1391 Geraldi
1415 1366 1604 1395 successor,
1630 1358 1745 1388 minus
1767 1357 1858 1397 juste
1882 1359 2071 1398 occupavit.
2097 1359 2148 1398 (A.
2167 1360 2219 1396 24,

604 1412 627 1443 f.
652 1413 713 1444 690
727 1417 754 1448 ¹3
780 1411 811 1443 V.
829 1413 881 1448 80,
899 1421 951 1452 ep.
971 1412 1079 1452 1474.)

649 1462 789 1495 25137.
805 1483 844 1487 —
869 1465 1047 1496 Baimvmdo
1068 1465 1228 1503 Guidonis,
1250 1471 1324 1496 nalo
1344 1465 1500 1507 quondam
1527 1464 1696 1496 Raimundi
1721 1464 1870 1496 Guidonis
1887 1465 1922 1495 de
1952 1465 2079 1502 Varmis,
2105 1466 2219 1497 collat.

602 1519 738 1559 paroch.
755 1520 836 1551 eccl.
855 1528 882 1551 s.
901 1520 1052 1551 Victoris
1070 1520 1111 1551 de
1125 1520 1303 1557 Graveria,
1318 1520 1451 1551 Uticen.
1470 1519 1531 1556 di.,
1550 1528 1622 1550 vac.
1639 1528 1700 1559 per
1714 1519 1876 1558 resignat.
1894 1519 2079 1550 Raimundi
2093 1520 2219 1551 Guido-

604 1573 670 1611 nis,
692 1574 763 1604 nati
778 1573 948 1620 quondam
964 1574 1079 1605 Pontii
1093 1573 1263 1605 Guidonis
1278 1574 1319 1604 de
1337 1573 1479 1609 Vannis‚
1496 1582 1539 1604 ex
1555 1582 1658 1603 causa
1674 1574 1856 1612 permutat.
1871 1581 1948 1603 cum
1964 1573 2094 1612 capella
2111 1582 2139 1604 s.
2159 1573 2218 1604 Pe-

602 1626 647 1658 tri
678 1627 920 1664 Pratellarum,
947 1628 1123 1659 Vivarien.
1150 1627 1211 1662 di.,
1243 1627 1332 1667 apud
1361 1628 1396 1659 S.
1425 1629 1466 1658 A.
1499 1627 1606 1658 factae.
1631 1645 1669 1649 —
1700 1626 1726 1657 Ι.
1753 1635 1781 1657 8.
1810 1635 1854 1657 m.
1881 1635 1984 1666 praep.
2014 1627 2160 1663 minen..
2187 1629 2218 1658 et

604 1689 713 1720 magg.
735 1680 883 1721 Guigoni
899 1681 939 1712 de
965 1690 992 1711 s.
1012 1681 1195 1718 Germano,
1215 1681 1342 1712 archid.
1363 1682 1550 1712 Benascen.
1569 1680 1728 1716 llerden.‚
1743 1681 1844 1720 Papae
1858 1689 1944 1720 cap„
1960 1689 1997 1711 ac
2015 1681 2161 1712 Martino
2177 1682 2218 1712 de

604 1734 844 1771 Chalenconio‚
861 1744 933 1766 can.
953 1735 1128 1766 V1varien.
1147 1735 1227 1766 eccl.
1248 1735 1300 1775 (A.
1319 1736 1370 1770 24,
1389 1735 1411 1765 f.
1431 1736 1490 1766 713
1508 1740 1539 1771 ²;
1562 1734 1598 1765 V.
1617 1735 1668 1771 81,
1687 1743 1738 1774 ep.
1759 1734 1864 1773 1518.)

648 1785 787 1818 25138.
807 1807 844 1812 —
863 1788 1038 1819 Raimundo
1064 1787 1226 1826 Guidonis,
1243 1794 1316 1820 nalo
1334 1788 1449 1829 quond.
1468 1787 1576 1818 Pontii
1603 1788 1752 1818 Guidonis
1767 1787 1803 1818 de
1829 1787 1952 1822 Vannis,
1968 1787 2083 1819 collat.
2103 1797 2218 1828 supra—

604 1841 701 1873 dictae
722 1842 861 1882 capellae
879 1851 921 1874 ex
945 1843 1086 1882 praefata
1106 1844 1290 1882 permutat.
1309 1851 1382 1873 vac.
1397 1859 1435 1864 —-
1459 1843 1486 1873 I.
1507 1851 1535 1872 e.
1554 1850 1599 1872 m.
1618 1850 1728 1881 magg.
1748 1842 1967 1881 supradictis,
1983 1851 2020 1872 ac
2037 1842 2160 1873 Joanni
2177 1843 2218 1873 de

603 1895 704 1932 Rivo,
721 1905 795 1926 can.
813 1897 1024 1927 Avenionen.
1045 1897 1097 1934 (A.
1114 1897 1165 1933 24,
1184 1896 1206 1927 f.
1226 1897 1284 1927 713
1300 1896 1330 1933 ῦς
1355 1895 1388 1926 V.
1405 1897 1455 1932 81,
1471 1905 1523 1935 ep.
1542 1897 1646 1934 1519.)

649 1947 785 1979 25139.
804 1968 840 1973 --
857 1949 1026 1990 Arckiep.o
1047 1949 1239 1981 Cantuarien
1269 1950 1395 1990 ejusque
1409 1949 1617 1990 suffrayaneis
1633 1949 1745 1980 mand.
1765 1950 1800 1980 ut
1815 1949 2125 1980 excommunicatos
2140 1958 2216 1980 esse

601 2002 737 2042 publice
754 2003 915 2034 nuncient
928 2012 1046 2034 omnes
1060 2004 1092 2034 et
1109 2004 1264 2043 singulos
1279 1992 1464 2042 sacrilegos
1479 2003 1537 2042 qui
1553 2003 1586 2033 in
1603 2003 1774 2042 Rogerum
1791 2003 1831 2033 de
1846 2002 2015 2040 Brinkhil,
2032 2003 2112 2034 cler.
2130 2003 2215 2034 Ebo-

602 2065 712 2088 racen.
729 2057 787 2094 di.,
806 2066 823 2088 e
843 2058 998 2089 Romana
1013 2057 1107 2088 curia
1123 2058 1164 2088 ad
1188 2059 1301 2096 partes
1317 2057 1449 2097 Angliae
1469 2058 1678 2087 remeantem
1694 2058 1726 2087 et
1742 2064 1803 2096 per
1821 2056 2043 2088 Hereforden.
2064 2056 2109 2087 di.
2127 2058 2214 2087 tran-

601 2113 769 2145 seuntem,
785 2111 966 2146 irruentes,
979 2111 1094 2150 ipsum
1111 2111 1310 2150 apostolicis
1326 2111 1453 2141 litteris
1467 2119 1571 2150 super
1588 2110 1782 2149 provisione
1799 2118 1862 2140 sua
1873 2110 1913 2140 de
1930 2110 2075 2149 quodam
2088 2109 2214 2146 benef.,

600 2165 634 2195 et
653 2164 733 2195 aliis
751 2164 911 2195 instrum.
930 2173 967 2195 ac
983 2165 1135 2195 denariis
1151 2164 1355 2204 spoliarunt.
1374 2165 1426 2202 (A.
1445 2165 1497 2199 24,
1518 2164 1539 2194 f.
1558 2165 1617 2195 730
1633 2169 1662 2199 ³3
1686 2162 1719 2193 V.
1736 2164 1787 2200 81,
1805 2172 1858 2203 ep.
1880 2165 1984 2201 1561.)

646 2214 782 2246 25140.
799 2236 838 2240 —
861 2218 1030 2259 Archiep.o
1052 2217 1244 2248 Eboracensi
1266 2218 1391 2258 ejusque
1417 2217 1627 2258 ruffi-aqaneis
1654 2217 1767 2247 mand.
1793 2217 1895 2248 idem.
1921 2217 1974 2257 (A.
1996 2219 2047 2254 24,
2072 2217 2095 2248 f.
2108 2220 2167 2249 730
2184 2217 2213 2254 ¹³3

604 2271 638 2303 V.
655 2273 707 2307 81,
726 2280 778 2311 ep.
802 2273 906 2310 1562.)

643 2322 779 2354 25141.
805 2344 839 2348 -
859 2325 1039 2366 Jaquemeto
1061 2325 1098 2355 de
1120 2324 1261 2362 Chiedes,
1280 2325 1361 2356 cler.
1389 2324 1586 2356 Gebennen.
1608 2324 1667 2361 di.,
1690 2324 1800 2364 gratia
1819 2333 1916 2364 exsp.
1934 2324 2045 2355 benef.
2067 2326 2108 2365 (c.
2130 2334 2158 2356 c.
2176 2327 2215 2357 70

598 2378 652 2409 vel
671 2388 698 2409 s.
715 2388 743 2410 c.
761 2380 800 2410 50
817 2379 841 2410 l.
857 2381 896 2417 t.)
913 2379 947 2410 in
962 2379 1055 2410 civit.
1072 2379 1125 2410 vel
1140 2379 1186 2410 di.
1202 2379 1525 2418 Gratianopolitan.,
1542 2378 1664 2417 pertin.
1683 2378 1725 2408 ad
1745 2378 1857 2409 collat.
1877 2378 1944 2417 ep.i
1963 2378 2214 2418 Gratianopoli-

598 2429 681 2463 tani.
700 2450 733 2455 —
751 2433 778 2464 Ι.
795 2441 824 2464 8.
844 2441 889 2464 m.
907 2433 1013 2472 priori
1032 2442 1060 2463 s.
1078 2432 1217 2463 Martini
1236 2432 1276 2463 de
1290 2433 1415 2464 Misere
1429 2432 1738 2472 Gratianopolitan.
1756 2432 1816 2467 di.,
1835 2433 1867 2462 et
1880 2432 2007 2463 decano
2021 2433 2054 2464 S.
2072 2433 2117 2464 M.
2133 2433 2215 2465 Gra-

597 2486 849 2526 tianopolitan.,
869 2495 908 2517 ac
925 2495 1013 2526 mag.
1027 2486 1176 2525 Guigoni
1193 2486 1233 2516 de
1247 2495 1275 2517 s.
1292 2486 1474 2523 Germano,
1493 2485 1595 2525 Papae
1612 2494 1698 2525 cap„
1714 2485 1839 2516 archid.
1860 2485 2046 2517 Benascen.
2066 2486 2209 2518 Ilerden.

598 2539 680 2570 8881.
700 2540 752 2580 (A.
771 2541 821 2576 25,
837 2539 859 2570 f.
878 2542 917 2571 56
934 2545 965 2577 ⁸3
985 2540 1021 2572 V.
1037 2541 1088 2577 81,
1105 2548 1159 2579 ep.
1181 2539 1285 2579 1612.)

645 2590 779 2622 25142.
805 2610 843 2615 —
866 2593 958 2624 Petro
973 2592 1009 2624 de
1038 2592 1178 2623 Vorassia
1197 2593 1306 2633 gratia
1324 2601 1420 2633 exsp.
1445 2592 1556 2624 benef.
1575 2594 1617 2633 (c.
1637 2602 1664 2623 c.
1682 2593 1722 2624 60
1740 2592 1794 2623 vel
1811 2601 1839 2623 s,
1858 2601 1887 2623 c.
1908 2593 1948 2623 40
1964 2593 1985 2623 l.
2004 2592 2043 2631 t.)
2064 2593 2099 2623 in
2115 2593 2208 2623 civit.

597 2647 650 2677 vel
668 2647 714 2677 di.
731 2646 940 2684 Gebennen„
960 2640 1089 2686 pertin.
1107 2647 1149 2677 ad
1165 2646 1279 2677 collat.
1300 2646 1368 2686 ep.i
1389 2645 1599 2683 Gebennen.,
1623 2655 1700 2677 cum
1719 2645 1926 2685 obligatione
1944 2646 2136 2677 dimittendi
2152 2655 2209 2685 pa-

597 2700 687 2731 roch.
712 2701 792 2732 eccl.
812 2701 853 2732 de
874 2701 976 2738 Lacu,
1002 2700 1100 2732 dictae
1123 2700 1182 2734 di.,
1208 2700 1323 2740 exigui
1343 2700 1483 2734 valoris,
1509 2700 1539 2730 si
1566 2700 1678 2731 benef.
1698 2709 1725 2730 c.
1754 2708 1781 2730 c.
1802 2699 1998 2730 obtinuerit.
2019 2717 2057 2721 —-
2072 2699 2098 2730 I.
2116 2708 2145 2730 e.
2162 2708 2209 2730 m.

598 2754 823 2785 Taluerarum
839 2755 870 2786 et
887 2754 1038 2794 Megene,
1059 2753 1254 2786 Gebennen.
1273 2754 1332 2791 di.,
1354 2753 1539 2793 prioribus,
1556 2763 1593 2784 ac
1609 2753 1756 2793 Guigoni
1775 2753 1815 2783 de
1833 2761 1860 2783 S.
1880 2752 2059 2790 Germano,
2080 2752 2207 2783 archid.

597 2807 783 2838 Benascen.
802 2808 837 2838 in
855 2808 935 2839 eccl.
950 2807 1096 2839 Ilerden.
1111 2808 1164 2844 (A.
1184 2809 1235 2845 25,
1258 2807 1280 2838 f.
1298 2809 1337 2838 56
1352 2807 1381 2844 b;
1406 2807 1441 2838 V.
1457 2809 1509 2845 81,
1526 2816 1578 2847 ep.
1599 2807 1705 2846 1613.)

644 2857 780 2890 25143.
798 2878 837 2884 -
855 2861 959 2899 Petro,
974 2866 1045 2891 nato
1059 2860 1198 2892 Frilonis
1215 2860 1292 2891 dicti
1307 2861 1385 2890 Zum
1407 2860 1581 2891 Eselzeeclce
1594 2860 1668 2890 civis
1685 2859 1869 2899 Μαραηιὶηἱ,
1890 2868 1985 2899 prov.
2006 2867 2123 2890 canon.
2143 2859 2207 2890 sub

597 2921 694 2953 exsp.
709 2914 812 2954 praeb.
830 2915 911 2945 eccl.
930 2924 956 2946 s.
975 2914 1135 2955 Stephani
1155 2914 1357 2954 Maguntini.
1373 2932 1412 2937 —
1428 2915 1455 2945 I.
1473 2923 1502 2945 e.
1527 2923 1572 2944 m.
1594 2913 1765 2952 archiep.o
1782 2913 2028 2950 Ebredunensi‚
2049 2913 2081 2943 et
2100 2921 2204 2953 praep.

629 3027 650 3051 1.
671 3027 740 3058 Reg.
756 3028 820 3053 Vat.
835 3037 866 3052 z
882 3028 943 3053 kal.
963 3028 1071 3054 martii.
