2540 3496
293 278 354 309 616

325 366 428 393 Datum
449 361 634 394 Avenione.

366 467 406 495 23
420 475 487 502 ‘1²¹9-
507 465 596 493 4327.

376 514 406 548 (x
422 511 480 539 kal.
497 509 585 545 sept.)

426 557 456 583 Τ.
477 555 534 584 ΧΧ.

443 628 479 655 Ut
495 636 518 654 s.

408 673 439 700 T.
460 671 555 699 XXIV.

365 842 403 870 24
422 850 488 876 auq.
510 839 599 868 1327.

374 891 417 923 (1x
433 887 492 915 kal.
508 887 594 921 sept.)

336 933 366 960 Τ.
384 933 419 960 XI
435 933 483 966 ¹12,
500 930 561 959 XIII
576 932 623 966 ¹12.

445 1166 480 1193 Ut
500 1174 524 1193 s.

391 1211 421 1238 T.
439 1211 485 1245 XI,
503 1210 575 1238 XIII.

372 1491 411 1518 25
427 1498 493 1525 any.
514 1489 603 1519 1327.

365 1537 432 1570 (vni
446 1535 505 1563 kal.
524 1535 612 1571 sept.)

386 1580 417 1607 Τ.
437 1580 497 1614 XII,
514 1580 584 1607 XIV.

451 1973 487 2001 Ut
502 1982 526 2001 s.

423 2019 454 2046 T.
475 2018 556 2046 XXX.

451 2189 487 2216 Ut
504 2197 527 2216 s.

336 2235 384 2262 Gr.
405 2242 456 2269 pro
474 2241 540 2269 nep.
561 2234 641 2262 card.

440 2402 476 2430 Ut
495 2410 519 2430 s.
536 2403 545 2423 ¹

434 2447 465 2474 T.
487 2446 545 2475 XX.

378 2671 420 2699 26
431 2679 499 2707 augy.
517 2671 606 2700 1327.

373 2716 428 2751 (vn
444 2716 504 2744 kal.
521 2716 610 2753 sept.)

695 272 870 304 JOANNIS
894 272 1013 303 PAPAE
1034 271 1137 302 XXII.
1161 271 1410 311 (1316-1834).
1435 288 1475 293 ——
1496 269 1685 301 LITTERAE
1707 253 1935 302 COMMUNE'S

773 460 912 494 29574.
932 480 971 486 --
988 462 1116 493 Eisdem
1135 462 1296 496 Leonardo
1318 467 1346 493 el
1366 462 1494 498 decano,
1510 472 1546 493 ac
1566 463 1689 493 cantora·
1705 463 1820 494 Meten.
1841 463 1914 495 eccl.
1937 463 2051 495 mand.
2070 471 2132 504 pro
2149 463 2344 507 receptione

727 517 872 548 Joannis
894 516 1014 548 Jacobi
1033 516 1212 554 Fessaulz,
1232 516 1314 547 cler.
1331 516 1470 553 Meten„
1487 516 1523 547 in
1547 524 1639 548 mon.
1657 517 1856 548 monasterii
1873 526 1900 548 s.
1919 517 2090 558 Arnulphi
2112 519 2211 549 extra
2226 525 2344 549 muros

729 571 866 607 Meten„
882 571 920 602 Ο.
935 570 968 602 S.
988 571 1027 602 B.
1046 570 1099 611 (A.
1114 571 1165 606 28,
1184 570 1206 600 f.
1223 571 1283 601 357
1299 569 1332 607 ὓς
1355 569 1389 601 V.
1412 571 1465 608 8⁴,
1483 578 1536 610 ep.
1553 571 1634 602 3013
1650 570 1702 609 Β.)

774 620 914 654 29575.
938 642 971 646 -
988 625 1171 656 Decretum
1188 633 1248 664 per
1263 624 1355 664 quod
1369 623 1502 655 Jacobus
1516 623 1650 655 Joanm's
1667 623 1835 662 Brocardi,
1851 634 1932 655 mon.
1946 625 2127 656 monasterii
2143 634 2170 657 ε.
2190 624 2348 656 Mansueti

729 683 819 708 extra
838 688 943 709 muros
961 677 990 708 T
987 677 1098 715 ullen„
1120 677 1155 709 O.
1172 677 1208 708 S.
1227 677 1279 715 B.,
1294 678 1446 719 priorque
1462 678 1628 719 prioratus
1643 677 1681 708 dc
1695 677 1829 715 Rivello,
1849 677 1928 709 dicti
1945 677 2029 716 ord„
2052 678 2172 710 Tullen.
2188 677 2246 716 di.,
2262 677 2346 710 dicto

731 736 866 763 monast.
885 730 1063 762 immediate
1079 731 1222 772 subjecti,
1241 731 1308 772 ipsi
1323 730 1365 762 ab
1379 731 1488 772 ejusd.
1507 733 1653 764 monast.
1671 731 1794 764 abbate
1811 731 1940 770 collati,
1957 732 2032 764 sola
2048 732 2224 764 voluntate
2236 721 2345 772 ejus'd.

731 785 865 817 abbatis
883 786 1002 826 nequit
1018 785 1182 817 amoveri.
1200 785 1253 824 (A.
1273 786 1322 821 28,
1341 785 1363 816 f.
1380 786 1440 817 395
1458 790 1487 822 ⁸,
1512 785 1548 817 V.
1566 786 1618 824 84,
1638 794 1692 826 ep.
1707 785 1815 825 3091.)

776 836 914 868 29576.
933 856 972 861 -
988 838 1116 880 Huqoni
1131 838 1255 877 Meruli,
1275 838 1355 870 cler.
1373 840 1406 870 et
1421 838 1529 870 famil.
1548 839 1730 870 Bertrandi
1746 839 1780 871 S.
1804 839 1849 872 M.
1867 839 1903 870 in
1918 839 2050 880 Aquiro
2064 839 2151 872 diac.
2165 839 2270 877 card..
2283 839 2348 871 col-

731 893 814 925 latio
829 893 965 933 paroch.
984 893 1066 924 eccl.
1078 902 1106 925 s.
1116 893 1246 925 Juliani
1261 892 1672 929 deBlathena.Vivarien.
1684 893 1743 931 di.,
1755 895 1832 925 ante
1846 893 1977 925 obitum
1989 893 2146 934 Hugonis
2160 892 2348 930 Audoardi‚

731 956 791 987 per
807 947 876 978 ΡΡ.
894 947 1052 987 disposit.
1073 955 1143 978 suae
1159 947 1357 984 reservatae,
1374 955 1441 978 non
1459 946 1547 978 obst.
1565 947 1600 978 in
1614 947 1694 978 eccl.
1710 947 1919 985 Vivariensi,
1935 948 1972 979 in
1987 956 2055 988 qua
2069 949 2184 979 certus
2199 955 2273 979 can.
2286 955 2349 978 nu-

731 1010 848 1033 merus
868 1000 1024 1041 et-praeb.
1043 1001 1218 1032 distinctio
1233 1009 1301 1032 non
1316 999 1495 1039 habentur,
1512 1009 1646 1039 canon,
1665 1002 1820 1042 portione
1834 1003 1867 1033 et
1878 1010 1973 1042 perp.
1990 1001 2046 1033 off.
2065 1001 2202 1033 vicariae
2218 1009 2247 1032 s.
2264 1009 2293 1032 c.
2309 1018 2349 1025 —

733 1055 759 1086 1.
778 1064 808 1086 e.
826 1064 870 1086 m.
888 1055 1122 1095 Engolismen.
1146 1057 1180 1086 et
1203 1055 1351 1095 Burgen.
1380 1054 1531 1093 decanis,
1553 1064 1591 1086 ac
1621 1054 1750 1086 archid.
1777 1055 1817 1086 de
1839 1055 2038 1087 Belvacinio
2067 1055 2247 1087 Belvacen.
2265 1053 2349 1086 eccl.

733 1109 785 1148 (A.
802 1110 852 1144 28,
873 1109 895 1139 f.
915 1110 973 1141 106
991 1114 1020 1146 a;
1049 1108 1083 1139 V.
1102 1110 1153 1145 84,
1169 1117 1222 1148 ep.
1241 1109 1347 1147 2537.)

778 1160 915 1192 29577.
934 1178 972 1184 -
989 1162 1108 1193 .Ιοαηηι“
1123 1162 1205 1193 dicto
1219 1162 1358 1198 Municll,
1378 1167 1452 1192 nalo
1469 1161 1607 1194 Com-adi
1624 1162 1750 1194 Munick
1766 1162 1803 1193 de
1817 1162 1944 1199 Gnathia,
1963 1162 2038 1194 cler.
2056 1162 2190 1194 Misnen.
2201 1161 2260 1200 di.,
2276 1153 2351 1203 gri·
2400 1162 2402 1165 ’

731 1217 781 1248 tia
796 1226 894 1256 exsp.
908 1216 1020 1248 benef.
1039 1216 1230 1248 ecclesiast.
1246 1217 1287 1255 (c.
1300 1226 1328 1248 c.
1342 1216 1381 1248 20
1392 1216 1447 1247 vel
1461 1225 1489 1248 s.
1502 1225 1530 1247 c.
1546 1218 1583 1248 10
1595 1217 1723 1248 march.
1739 1216 1885 1258 argenti)
1898 1216 1941 1248 ad
1953 1216 2031 1249 abb.
2045 1218 2077 1248 et
2090 1225 2187 1248 contr.
2203 1215 2352 1249 monast-

733 1267 926 1308 Medli'cen.,
946 1271 984 1302 Ο.
1002 1271 1035 1302 S.
1051 1271 1103 1308 B.,
1125 1270 1303 1302 Patavien.
1330 1270 1390 1307 di.,
1416 1269 1680 1310 dispositionem
1701 1271 1824 1311 pertin.
1843 1287 1884 1294 —
1906 1271 1933 1302 Ι.
1954 1279 1984 1303 e.
2003 1279 2050 1302 m.
2070 1270 2186 1303 abbati
2203 1269 2351 1302 monast.

734 1325 914 1357 Scotorum
929 1325 965 1356 in
977 1325 1125 1363 Vienna,
1141 1326 1174 1356 et
1193 1324 1331 1356 scolast.
1342 1324 1559 1364 Glogovien.‚
1575 1324 1752 1356 Patavien.
1762 1326 1795 1356 et
1811 1324 2115 1357 Wratislaviensis
2130 1324 2192 1362 di.,
2209 1332 2248 1356 ac
2262 1331 2351 1364 mag.

734 1379 876 1411 Nicolao
892 1379 933 1410 de
951 1379 1096 1415 Fractis,
1108 1387 1181 1409 can.
1199 1379 1376 1410 Patracen.
1390 1379 1486 1416 eccl.,
1497 1378 1563 1410 litt.
1578 1378 1845 1419 apostolicarum
1858 1378 2052 1411 correctori.
2071 1378 2124 1418 (A.
2139 1379 2190 1417 28,
2201 1377 2225 1410 f.
2242 1378 2304 1410 344
2315 1376 2352 1416 ⁸3

740 1433 775 1464 V.
796 1435 847 1470 84,
866 1442 918 1473 ep.
937 1433 1047 1472 2986.)
1479 1434 1487 1440 ”

783 1484 919 1517 29578.
944 1504 982 1509 —
999 1485 1174 1517 Raimundo
1191 1485 1228 1517 de
1244 1485 1385 1518 Carvelis
1402 1486 1540 1518 collatio
1558 1486 1767 1526 archipresb.
1791 1486 1832 1518 de
1847 1486 2119 1527 Montepensato,
2137 1486 2224 1518 alias
2240 1483 2354 1517 vocati

736 1542 777 1572 de
790 1540 996 1578 Flaonhaco,
1013 1550 1040 1571 c.
1057 1549 1098 1577 c.,
1116 1549 1192 1571 cum
1207 1540 1364 1571 ecclesiis
1380 1539 1491 1571 eidem
1503 1540 1661 1576 annexis,
1678 1540 1926 1578 Caturcen.di.,
1940 1549 2012 1572 vac.
2027 1549 2088 1580 per
2101 1539 2353 1572 assecutionem

738 1594 948 1634 archipresb.
966 1595 1006 1625 de
1022 1594 1247 1632 Caramanno‚
1267 1603 1294 1625 c.
1315 1602 1358 1630 c.,
1375 1593 1554 1626 Tolosanae
1569 1594 1629 1632 di.,
1651 1603 1670 1626 a
1684 1594 1831 1627 Geraldo
1845 1594 1886 1626 de
1902 1594 2120 1626 Solminhaco
2144 1593 2269 1625 virtute
2283 1592 2351 1626 litt.

737 1650 847 1688 apost.
865 1648 989 1679 factam
1000 1657 1009 1684 ;
1026 1657 1092 1679 non
1110 1647 1197 1679 obst.
1216 1647 1351 1687 paroch.
1370 1648 1452 1680 eccl.
1467 1648 1508 1679 de
1523 1648 1724 1688 Junqueriis
1741 1657 1818 1679 cum
1839 1648 1913 1679 suis
1932 1648 2089 1685 annexis,
2113 1648 2264 1680 Vauren.
2291 1646 2353 1684 di.,

737 1703 778 1734 de
797 1711 863 1743 qua
878 1702 912 1733 in
929 1703 1085 1733 Romana
1102 1702 1198 1733 curia
1215 1701 1338 1741 litigat,
1356 1710 1527 1742 quamque
1542 1701 1716 1733 dimittere
1737 1703 1883 1739 tenetur,
1901 1703 1935 1734 et
1947 1710 2067 1734 canon.
2089 1710 2127 1734 ac
2146 1701 2252 1742 praeb.
2269 1700 2350 1733 eccl.

737 1757 778 1788 de
796 1755 1115 1790 Feritateimbaudi‚
1135 1755 1322 1787 Bituricen.
1341 1756 1402 1793 di.,
1422 1764 1508 1795 quos
1536 1757 1737 1795 procurator
1753 1765 1838 1787 suus
1863 1755 1931 1796 ipsi
1953 1755 2100 1787 conferri
2118 1755 2210 1792 fecit,
2227 1754 2354 1787 virtute

738 1810 915 1850 cujusdam
935 1810 1052 1849 gratiae
1069 1818 1129 1849 per
1143 1810 1211 1840 ΡΡ.
1228 1809 1263 1839 in
1289 1809 1399 1840 forma
1419 1817 1607 1849 pauperum
1629 1808 1735 1841 factae.
1754 1826 1793 1832 -
1807 1810 1835 1840 Ι.
1851 1818 1880 1841 e.
1901 1818 1947 1841 m.
1967 1809 2208 1841 Convenarum
2222 1809 2256 1841 et
2271 1808 2353 1841 Car-

737 1865 949 1904 pentoraten.
965 1863 1064 1903 epis.
1084 1872 1122 1894 ac
1138 1862 1309 1902 Stephano
1330 1863 1371 1893 de
1395 1862 1552 1900 Diosido,
1570 1862 1699 1894 archid.
1727 1863 1907 1894 Caturcen.
1936 1863 1988 1901 (A.
2007 1864 2058 1901 28,
2077 1863 2102 1894 f.
2121 1863 2162 1895 98
2178 1862 2192 1884 ¹³
2209 1871 2218 1900 ;
2242 1862 2279 1895 V.
2300 1863 2354 1898 84,

737 1926 790 1957 ep.
810 1917 918 1957 2532.)
1128 1953 1131 1956 Α
1282 1934 1283 1937 =

784 1968 920 2000 29579.
939 1989 978 1994 -
990 1970 1029 2001 N.
1049 1980 1080 2002 n.
1098 1970 1218 2001 Joanni
1235 1969 1308 2001 (1.ηο
1326 1970 1363 2001 de
1379 1970 1467 2001 Mota
1483 1974 1511 2001 et
1528 1980 1559 2002 n.
1579 1981 1618 2002 m.
1635 1969 1790 2001 Navarrae
1807 1971 1844 2002 de
1858 1970 2013 2007 Tan-tasio,
2029 1969 2168 2002 Aduren.
2188 1975 2218 2001 et
2231 1970 2356 2012 Aquen.

737 2025 794 2063 di.,
815 2025 967 2065 dispens.
995 2033 1098 2064 super
1121 2028 1169 2055 1v⁰
1185 2024 1409 2064 consanguin.
1427 2024 1534 2065 gradu
1558 2024 1593 2055 in
1618 2024 1768 2056 matrim.
1788 2025 1831 2056 ad
1851 2025 2015 2065 sopienda
2038 2032 2240 2066 guerrarum
2260 2032 2356 2056 scan-
2398 2060 2402 2063 ,

737 2079 814 2110 dala
830 2079 918 2110 inter
930 2079 1127 2110 eorumdem
1140 2078 1260 2110 domos
1276 2078 1418 2110 suborta
1432 2078 1671 2117 contrahendo,
1685 2078 1839 2110 instante
1855 2078 2050 2111 Guichardo
2064 2078 2265 2111 vicecomite
2275 2076 2357 2111 ‘rw

737 2133 829 2165 tasii.
849 2133 902 2172 (A.
922 2126 974 2168 28,
993 2132 1015 2163 f.
1036 2133 1094 2164 125
1112 2138 1141 2168 ²;
1162 2132 1198 2163 V.
1216 2133 1268 2170 84,
1287 2140 1340 2172 ep.
1356 2133 1464 2171 2575.)
1519 2161 1522 2164 .
2297 2127 2301 2130 ⁴

783 2184 923 2217 29580.
944 2204 983 2209 -
1001 2186 1178 2218 Bertrando
1195 2186 1232 2217 de
1258 2185 1461 2224 Texenderio,
1476 2186 1598 2219 archid.
1617 2186 1806 2225 Bononien„
1825 2187 1948 2218 induit.
1969 2187 2010 2219 de
2025 2176 2256 2228 percipiendis
2269 2185 2358 2218 fruo-

737 2241 831 2273 tibus
859 2241 1012 2272 omnium
1031 2240 1275 2272 beneficiorum
1300 2249 1442 2272 suorum
1466 2240 1596 2281 absque
1623 2241 1809 2273 residentia
1831 2241 1874 2273 ad
1893 2241 2168 2282 quinquennium
2194 2239 2357 2272 Bononiae

738 2295 793 2326 vel
816 2294 910 2331 alibi,
929 2296 998 2326 tam
1024 2294 1168 2335 legendo
1184 2303 1287 2335 quam
1315 2295 1497 2331 audiendo,
1518 2295 1633 2327 studio
1656 2295 1770 2336 legum
1795 2295 1999 2331 insistend03
2027 2294 2159 2326 consid.
2176 2293 2358 2326 Bertrandi

739 2359 766 2380 s.
785 2349 938 2381 Marcelli
954 2348 1069 2389 presb.
1088 2349 1192 2386 card.,
1210 2349 1251 2380 A.
1268 2349 1302 2381 S.
1322 2348 1438 2389 legati,
1458 2349 1618 2381 avunculi
1635 2349 1744 2381 illius.
1761 2349 1814 2389 (A.
1829 2350 1881 2386 28,
1899 2349 1922 2381 f.
1941 2350 1999 2380 137
2013 2354 2042 2386 ¹;
2064 2348 2101 2380 V.
2111 2349 2164 2386 84,
2179 2357 2232 2389 ep.
2249 2347 2359 2389 258⁰.)
2420 2371 2422 2374 .
2460 2323 2478 2347 ’ὦ

784 2399 924 2432 29581.
945 2420 982 2424 -
1002 2402 1036 2434 S.
1057 2400 1190 2433 Auberti
1212 2401 1408 2434 cameracen.
1426 2408 1452 2433 et
1472 2413 1496 2434 s.
1513 2402 1646 2434 Joannis
1669 2402 1897 2434 Valencae‘nensis
1910 2407 2042 2433 monast.
2064 2401 2237 2438 abbatibus,
2254 2411 2292 2432 ac
2307 2400 2359 2433 de—

740 2466 817 2486 cano
830 2467 855 2486 s.
875 2455 1043 2497 Gauqerici
1061 2456 1295 2488 Cameracensis
1308 2457 1422 2489 mand.
1437 2457 1474 2488 ut
1491 2456 1617 2488 faciant
1635 2457 1742 2498 accipi
1755 2457 1936 2495 Joannam,
1952 2458 2067 2488 natam
2081 2456 2226 2502 Joannis
2241 2455 2282 2488 de
2295 2455 2359 2488 Ba-

739 2518 834 2547 vaco,
861 2510 1012 2550 puellam
1044 2510 1231 2542 litteratam
1258 2506 1517 2542 Cameracensis
1545 2511 1604 2549 di.,
1629 2511 1664 2542 in
1689 2510 1889 2543 monacham
1909 2512 1942 2542 et
1972 2519 2126 2542 sororem
2155 2508 2359 2542 monasterii

741 2564 944 2595 monialium
971 2565 1011 2596 de
1031 2564 1187 2596 Denonio
1215 2565 1292 2605 (req.
1320 2565 1511 2605 Decionio),
1536 2565 1574 2598 Ο.
1600 2566 1634 2598 S.
1654 2566 1706 2601 B.,
1726 2564 1965 2597 Atrebatensis
1987 2564 2034 2595 di.
2064 2564 2119 2603 (A.
2138 2562 2357 2602 28,>f.13611·;
2413 2595 2417 2598 .
2455 2575 2459 2577 ·

746 2616 779 2648 V.
798 2619 848 2654 84,
864 2627 917 2657 ep.
932 2619 1041 2659 2601.)

785 2669 923 2701 29582.
943 2690 981 2694 -
998 2673 1082 2714 May.
1108 2672 1219 2704 Bruno
1243 2672 1279 2704 de
1294 2673 1401 2704 Juzico
1417 2673 1528 2705 collat.
1554 2682 1674 2705 canon.
1693 2672 1757 2705 sub
1777 2682 1874 2713 exsp.
1899 2672 2017 2713 praeb.,
2037 2681 2075 2704 ac
2091 2672 2198 2713 dign„
2215 2671 2269 2704 vel
2283 2679 2358 2712 per-

741 2727 895 2763 sonatus,
921 2735 982 2757 seu
998 2727 1053 2758 off.
1074 2736 1102 2758 c.
1122 2736 1149 2758 c.
1169 2727 1224 2758 vel
1249 2736 1277 2758 s.
1295 2736 1323 2758 c.
1344 2727 1425 2759 eccl.
1450 2727 1699 2764 Cenomanen.;
1717 2735 1784 2758 non
1812 2726 1899 2758 obst.
1919 2726 1955 2757 in
1980 2726 2207 2766 Burdegalen.
2231 2727 2263 2758 et
2280 2725 2368 2768 Ling

741 2779 886 2816 colnien.
904 2780 986 2811 eccl.
1006 2780 1263 2812 canonicatibus
1280 2781 1314 2812 et
1333 2780 1536 2821 praebendis,
1551 2790 1589 2812 ac
1600 2780 1817 2821 portionibus
1830 2789 1891 2812 seu
1905 2779 2097 2813 rationibus
2110 2780 2164 2821 (50
2177 2780 2251 2812 flor.
2270 2778 2358 2819 auri)
2418 2813 2422 2818 ,

741 2834 775 2866 S.
794 2834 839 2865 M.
857 2831 908 2865 de⁴
921 2834 1126 2870 Laudesma,
1143 2843 1171 2866 s.
1192 2834 1330 2866 Thomae
1346 2836 1379 2866 et
1397 2835 1438 2866 de
1451 2835 1651 2867 Archonada
1670 2843 1707 2866 ac
1727 2835 1767 2866 de
1784 2834 1947 2867 Veilhaco
1964 2834 2046 2866 eccl.
2065 2834 2158 2866 civit.
2180 2835 2213 2866 et
2236 2833 2281 2865 di.
2299 2833 2359 2866 Sa-

739 2887 920 2919 lamantin.
929 2897 938 2925 ;
956 2887 1091 2928 paroch.
1107 2896 1187 2919 vero
1204 2888 1284 2919 eccl.
1302 2888 1344 2920 de
1357 2889 1574 2920 Francavilla
1586 2898 1663 2920 cum
1677 2889 1752 2920 suis
1763 2889 1917 2927 annexis,
1934 2888 2096 2921 Tolosan.
2110 2888 2169 2925 di.,
2185 2887 2360 2920 dimittere

773 3004 797 3028 1.
815 3004 886 3035 Reg.
903 3004 970 3029 Vat.
989 3013 1019 3027 z
1037 3010 1073 3028 111
1091 3003 1152 3028 kal.
1168 3003 1352 3035 septembris.
