2540 3496
0 607 11 914 ·v·-‹=.=·-,v-,-.-‚=:--,.7«5-22
0 579 6 594 m
0 542 7 558 Α.
0 447 4 459 ν.
0 418 2 420 «
0 374 6 383 ψ.

195 410 300 438 Datum
324 403 512 438 Avenione.

190 1369 208 1397 9
224 1370 255 1404 (v
273 1368 325 1404 id.)
344 1377 406 1396 nov.
426 1368 513 1397 1325.

309 1413 339 1440 T.
362 1413 392 1440 I..

308 2494 342 2522 Ut
360 2502 385 2522 s.

249 2538 281 2568 Τ.
299 2539 346 2572 ΧΙ,
367 2539 439 2568 XIII.

307 2760 344 2788 Ut
361 2769 386 2789 s.
405 2750 409 2755 ⁴

257 2804 288 2832 T.
305 2805 352 2838 XI,
367 2805 440 2834 XIII.

309 2973 347 3001 Ut
361 2981 386 3001 s.

203 3017 235 3044 Τ.
251 3017 286 3044 XI
302 3017 350 3052 ¹12,
370 3016 432 3046 XIII
449 3018 495 3053 ¹12.

565 314 740 346 JOANNIS
764 314 883 345 PAPAE
905 314 1007 345 XXII.
1032 315 1282 354 (1316-1334).
1306 332 1343 337 -—
1367 313 1554 344 LITTERAE
1578 313 1804 345 COMMUNES
2171 319 2215 349 37

597 508 767 548 chiep.um
792 509 956 540 Tuamen.
988 508 1187 548 episcopatu
1213 507 1365 538 ecclesiae
1384 507 1605 547 Enagdunen.
1630 507 1780 539 indebite
1803 509 2002 548 spoliatum,
2027 512 2058 540 et
2078 511 2215 549 petente

566 589 568 597 ,
597 562 861 599 restitutionem,
880 571 955 593 eum
974 562 1137 602 magister
1161 569 1241 592 vero
1261 561 1415 592 Andreas
1430 561 1573 592 Joannis
1590 561 1721 593 Giberti
1740 562 1781 592 de
1804 562 1991 600 Florentia,
2010 565 2212 602 procurator

566 599 568 615 ¹
597 616 704 657 ejusd.
725 615 900 655 archiep.i,
919 616 1087 646 assereret
1103 624 1120 646 e
1139 615 1309 646 contrario
1327 614 1452 645 dictam
1472 615 1552 645 eccl.
1566 623 1632 645 non
1649 615 1877 646 cathedralem
1892 616 1953 646 sed
1972 616 2107 656 paroch.
2124 617 2211 647 exis-

596 671 677 707 tere,
701 679 738 700 ac
763 669 962 708 archiepisc.
986 677 1112 700 mensae
1131 669 1294 699 Tuamen.
1315 668 1446 699 unitam
1464 668 1546 705 fore,
1573 668 1667 708 Papa
1689 678 1827 700 causam
1844 669 2041 709 hujusmodi
2066 670 2119 700 bo.
2145 679 2209 700 me.

597 724 699 754 Petro
717 732 744 754 s.
763 722 925 762 Stephani
944 722 979 753 in
1004 722 1226 754 Coeliomonte
1247 722 1359 761 presb.
1387 722 1477 753 card.
1505 722 1709 753 audiendam
1728 723 1913 760 commisit,
1932 724 1964 755 et
1980 723 2101 754 deinde
2121 724 2215 755 dicto

596 776 775 808 Guilberto
792 776 882 816 apud
895 777 928 807 S.
948 777 988 807 A.
1006 775 1176 812 defuncto,
1193 775 1358 806 Jacobum
1382 784 1470 806 nunc
1491 776 1672 811 Coneren.‚
1688 778 1767 807 tunc
1783 777 1914 807 nullius
1931 777 2012 808 eccl.
2029 786 2157 817 epum,
2176 778 2212 808 in

597 830 706 870 ejusd.
725 830 945 869 Enagdunen.
963 829 1043 860 eccl.
1061 837 1176 868 ep.um
1196 828 1357 868 praefecit.
1376 829 1503 860 Jacobo
1519 831 1631 860 autem
1651 830 1692 860 ad
1709 830 1790 861 eccl.
1811 831 1976 862 Coneren.
1995 831 2162 862 translato
2179 832 2214 862 et

596 884 687 914 dicto
705 883 796 914 card.
818 882 921 914 rebus
944 881 1103 913 humanis
1126 883 1297 921 exempto,
1315 882 1433 913 eadem
1450 891 1552 913 causa
1573 883 1674 914 Petro
1697 892 1772 923 ep.o
1799 884 2009 915 Praenestino
2027 885 2215 916 commissa

596 936 662 968 fuit
689 945 708 967 a
732 936 826 975 Papa
851 936 921 975 qui,
947 939 1127 975 postquam
1157 935 1301 966 relatum
1330 935 1453 966 fuisset
1477 936 1698 976 Enagdunen.
1721 937 1802 968 eccl.
1833 938 2061 969 cathedralem
2090 938 2211 974 fuisse,

595 990 706 1021 eamd.
727 989 807 1020 eccl.
829 989 870 1019 ad
887 989 1142 1028 possessionem
1159 988 1212 1018 vel
1228 988 1327 1027 quasi
1342 990 1452 1019 status
1469 990 1502 1019 et
1518 990 1610 1029 dign.
1629 990 1835 1021 cathedralis
1854 992 1935 1022 eccl.
1956 992 2116 1024 restituit.
2134 993 2211 1023 Non

596 1042 684 1074 obst.
700 1043 791 1082 quod
805 1042 851 1073 id.
868 1042 1052 1076 Robertus,
1075 1042 1156 1072 olim
1178 1041 1210 1072 in
1228 1050 1343 1080 epum
1360 1042 1569 1073 Clonferten.
1590 1043 1625 1073 in
1641 1044 1812 1074 discordia
1833 1045 1889 1080 el.‚
1916 1047 1993 1084 post
2011 1046 2211 1084 appellatio-

595 1104 673 1127 nem
694 1096 736 1127 ab
755 1095 951 1135 hujusmodi
975 1095 1140 1126 electione
1161 1095 1203 1125 ad
1218 1094 1251 1126 S.
1269 1096 1310 1126 A.
1328 1095 1552 1134 interjectam,
1571 1096 1772 1127 electionem
1791 1106 1889 1128 suam
1909 1098 1943 1128 in
1965 1098 2036 1129 illis
2055 1099 2211 1138 partibus

595 1149 801 1184 confirmari,
820 1149 954 1189 sibique
971 1158 1096 1179 munus
1113 1148 1382 1179 consecrationis
1398 1148 1549 1188 impendi
1567 1148 1771 1187 obtinuerit;
1789 1159 1891 1190 super
1908 1160 1974 1190 quo
1991 1151 2211 1191 dispensatur

595 1205 628 1235 et
643 1203 854 1234 habilitatur.
871 1221 909 1225 —
924 1203 950 1233 Ι.
967 1212 996 1234 e.
1011 1202 1168 1242 nrcapit.
1182 1202 1262 1232 eccl.
1280 1202 1515 1242 Enagdunen.‚
1532 1202 1622 1234 clero
1636 1204 1668 1234 et
1681 1203 1806 1242 populo
1823 1204 1916 1234 civit.
1931 1206 1962 1235 et
1978 1205 2036 1242 di.,
2054 1206 2211 1238 Eduardo

595 1257 667 1297 regi
686 1257 829 1296 Angliae.
851 1256 903 1297 (A.
919 1257 969 1291 24,
989 1256 1011 1286 f.
1027 1257 1087 1287 315
1102 1255 1134 1293 ι’;
1158 1255 1193 1286 V.
1211 1256 1261 1292 80,
1283 1264 1336 1295 ep.
1353 1257 1427 1291 5143
1442 1255 1602 1292 Theiner,
1620 1255 1815 1286 Monumenta
1833 1257 2040 1288 Hiber-norum
2058 1259 2209 1290 8180010-

593 1321 673 1348 rum,
692 1320 724 1350 p.
742 1312 812 1348 231,
830 1311 903 1341 doc.
922 1310 1156 1346 CCCCLVIII;
1174 1309 1293 1346 Eubel,
1315 1308 1533 1340 nullm-ium...
1551 1311 1574 1340 t.
1595 1310 1636 1347 V,
1656 1319 1689 1350 p.
1706 1312 1778 1348 293,
1798 1320 1831 1342 n.
1845 1312 1932 1349 592.)

640 1361 777 1393 23748.
798 1381 836 1387 —
866 1364 1070 1395 Universicati
1092 1363 1203 1393 civium
1225 1362 1365 1404 Ispalen.
1390 1371 1483 1394 conc.
1510 1364 1547 1394 ut
1574 1372 1681 1403 usque
1709 1364 1751 1395 ad
1774 1373 1797 1395 x
1814 1373 1922 1396 annos
1946 1374 2011 1396 non
2031 1367 2211 1397 teneantur

594 1420 774 1449 restituere
799 1418 919 1449 tertias
946 1417 1167 1448 ecclesiarum
1187 1416 1278 1448 civit.
1303 1418 1337 1448 et
1355 1417 1401 1448 di.
1425 1417 1573 1456 Ispalen.
1593 1417 1728 1448 fabricae
1745 1418 1938 1457 deputatas,
1963 1428 2048 1458 quas
2073 1421 2211 1452 nomine

594 1472 703 1503 mutui
722 1481 783 1512 pro
803 1472 1003 1511 reparandis
1020 1473 1053 1502 et
1071 1470 1226 1502 tenendis
1251 1471 1359 1510 galeis
1377 1471 1410 1501 in
1430 1471 1517 1502 mari
1537 1470 1579 1502 ad
1597 1471 1788 1502 custodiam
1805 1474 1993 1503 castrorum
2014 1473 2054 1503 de
2073 1473 2211 1504 Gibral-

593 1526 682 1557 tario
701 1527 733 1557 et
746 1525 883 1561 Tui-itae,
902 1525 1064 1556 Gadicen.
1083 1525 1142 1562 di.,
1159 1524 1245 1564 ipsis
1264 1524 1473 1556 Guillelmus
1492 1533 1590 1564 epus
1607 1524 1780 1562 Sabinen.,
1798 1527 1837 1556 A.
1857 1527 1890 1557 S.
1910 1526 2054 1566 legatus,
2073 1536 2210 1558 conces-

595 1580 652 1619 sit,
672 1579 856 1610 dummodo
876 1588 983 1619 usqne
1007 1579 1048 1609 ad
1070 1579 1196 1609 festum
1226 1578 1504 1610 Resurrectionis
1532 1578 1672 1609 Domini
1700 1588 1719 1610 a
1743 1579 1836 1619 Papa
1865 1580 2103 1611 remissionem
2128 1581 2211 1612 dicti

594 1634 705 1665 mutui
723 1633 931 1669 obtinerent;
950 1632 1103 1672 alioquin
1120 1632 1300 1672 pecuniam
1317 1632 1584 1672 equipollentem
1602 1632 1637 1663 in
1657 1633 1731 1664 loco
1755 1634 1828 1664 tuto
1845 1633 1943 1673 juxta
1961 1634 2211 1666 ordinationem

595 1689 704 1727 apost.
730 1687 987 1727 expendendam
1009 1686 1073 1717 sub
1090 1685 1199 1726 poenis
1215 1686 1401 1723 interdicti,
1421 1686 1662 1725 suspensionis
1683 1688 1715 1717 et
1733 1695 1865 1718 excom.
1887 1687 2106 1727 deponerent.
2126 1689 2210 1720 Cum

594 1742 707 1772 autem
731 1750 792 1781 pro
818 1740 1013 1778 hujusmodi
1033 1739 1188 1771 custodia
1205 1739 1297 1770 ultra
1321 1741 1438 1771 30.000
1466 1739 1772 1778 marabotinorum,
1795 1750 1881 1780 quos
1906 1741 1947 1772 de
1973 1742 2075 1772 dictis
2097 1742 2211 1773 tertiis

594 1796 806 1834 receperunt,
832 1803 898 1825 non
916 1794 1088 1824 modicum
1106 1794 1147 1824 de
1162 1793 1312 1833 propriis
1336 1793 1539 1825 substantiis
1557 1794 1802 1833 expendentes,
1827 1797 1963 1834 propter
1988 1796 2210 1835 quamplures

593 1848 807 1880 turbationes
825 1848 1064 1879 remissionem
1081 1847 1275 1887 praedictam
1296 1846 1449 1878 obtinere
1468 1847 1696 1886 nequiverint,
1716 1847 1840 1878 iterum
1865 1848 1907 1878 ab
1931 1848 2102 1888 archiep.o
2118 1850 2210 1889 Ispa·

594 1902 661 1934 len.
678 1911 739 1942 per
755 1902 848 1933 aliud
863 1901 1039 1933 biennium
1056 1901 1176 1932 tertias
1192 1900 1389 1940 hujusmodi
1407 1903 1618 1940 receperunt,
1635 1910 1739 1941 quare
1757 1901 1995 1941 supplicarunt
2014 1911 2075 1942 pro
2089 1903 2209 1934 remis-

594 1956 690 1988 sione
709 1956 871 1996 praedicta
886 1957 919 1986 et
939 1954 1154 1986 absolutione
1179 1954 1220 1986 ab
1241 1955 1390 1985 incursis
1413 1955 1523 1994 poenis
1548 1954 1755 1986 obtinendis.
1778 1955 1832 1994 (A.
1855 1956 1906 1992 24,
1928 1955 1949 1987 f.
1977 1957 2033 1987 159
2048 1956 2079 1993 ¹¹3
2106 1956 2138 1988 V.
2156 1958 2208 1995 80,

593 2018 647 2050 ep.
667 2011 751 2047 179.)

640 2059 775 2092 23749.
795 2080 831 2084 ——
846 2062 1016 2103 Archiep.0
1031 2061 1169 2102 Ispalen.
1183 2072 1234 2092 seu
1250 2062 1316 2102 ejus
1329 2062 1446 2091 vicario
1464 2062 1495 2091 in
1512 2061 1728 2102 spiritualibus
1745 2062 1858 2093 mand.
1875 2064 1911 2093 ut
1928 2063 2088 2102 praefatos
2103 2063 2208 2102 cives,

594 2116 779 2147 sufficienti
808 2116 965 2147 cautione
986 2117 1122 2155 recepta
1146 2115 1186 2146 de
1208 2115 1372 2146 solvendo
1394 2115 1577 2155 jamdictas
1605 2115 1726 2146 tertias
1747 2116 1781 2146 in
1802 2116 1996 2155 supradicto
2014 2117 2173 2154 termino,
2191 2125 2210 2148 a

593 2170 702 2210 poenis
718 2171 750 2201 et
766 2169 948 2200 sententiis
963 2169 1111 2200 incursis
1129 2168 1319 2200 absolvant.
1338 2169 1392 2206 (A.
1412 2169 1463 2203 24,
1481 2168 1502 2199 f.
1524 2170 1582 2200 160
1604 2174 1632 2203 ²²;
1657 2168 1690 2200 V.
1707 2171 1758 2204 80,
1776 2177 1829 2208 ep.
1848 2168 1931 2207 180.)

639 2220 775 2252 23750.
795 2241 833 2245 —
850 2222 942 2253 Eisd.
963 2222 1190 2254 committitur
1212 2224 1249 2253 ut
1270 2230 1379 2262 usque
1398 2222 1439 2252 ad
1461 2225 1614 2253 octavam
1634 2222 1909 2254 Resurrectionis
1925 2223 2063 2254 Domini
2079 2223 2212 2255 relaxet

592 2276 812 2308 interdictum
837 2276 891 2307 cui
909 2276 1030 2307 civitas
1052 2276 1200 2316 Ispalen.
1222 2285 1254 2306 vr
1277 2275 1348 2315 jam
1373 2275 1501 2315 elapsis
1522 2276 1621 2306 annis
1645 2275 1798 2316 subjacet
1825 2277 2001 2308 occasione
2023 2278 2126 2308 castri
2149 2286 2211 2309 seu

592 2330 749 2362 fortalitii
767 2331 808 2361 de
825 2330 1007 2367 Frexenal,
1024 2329 1115 2370 quod
1135 2330 1169 2360 in
1186 2329 1360 2360 territorio
1377 2329 1480 2361 castri
1495 2329 1536 2360 de
1550 2329 1687 2367 Vellera,
1710 2330 1844 2361 civibus
1862 2330 2011 2370 Ispalen.
2031 2340 2050 2362 a
2073 2331 2114 2362 cl.
2142 2340 2196 2363 me

592 2384 769 2424 Alphonso
787 2383 857 2424 regi
873 2383 1042 2421 castellae,
1064 2383 1143 2414 nato
1161 2383 1333 2415 Fernandi
1354 2383 1446 2423 regis
1467 2383 1636 2420 Castellae,
1655 2383 1784 2419 donati,
1801 2384 1988 2423 Templarii
2009 2386 2207 2417 construxe-

591 2439 680 2476 rant,
700 2437 833 2469 civibus
850 2437 981 2469 eisdem
998 2437 1129 2468 invitis.
1147 2437 1200 2477 (A.
1220 2438 1270 2474 24,
1287 2437 1310 2468 f.
1328 2438 1386 2467 162
1403 2437 1432 2474 b;
1457 2436 1489 2468 V.
1508 2438 1560 2474 80,
1578 2446 1631 2476 ep.
1652 2437 1738 2477 181.)

638 2488 775 2521 23751.
803 2509 841 2514 -
865 2491 986 2523 Joanni
1014 2490 1134 2528 Caldeae',
1162 2491 1241 2522 cler.
1269 2490 1489 2522 Suessionen.
1516 2490 1576 2528 di.,
1603 2490 1713 2531 gratia
1733 2499 1831 2530 exsp.
1847 2490 1962 2523 benef.
1988 2493 2028 2530 (c.
2047 2500 2075 2522 c.
2092 2493 2133 2524 80
2157 2492 2210 2524 vel

592 2554 620 2577 s.
646 2554 676 2577 c.
694 2545 773 2577 501.
792 2545 843 2585 t.)‚
861 2545 897 2576 in
916 2545 1010 2577 civit.
1030 2545 1083 2576 vel
1108 2545 1154 2576 di.
1173 2545 1367 2582 Belvacen.,
1391 2544 1432 2575 ad
1454 2544 1568 2576 collat.
1595 2544 1664 2584 ep.i
1688 2544 1886 2581 Belvacen.;
1908 2553 1975 2576 non
1999 2545 2087 2577 obst.
2112 2555 2209 2586 perp.

591 2599 712 2639 capell.
732 2599 768 2630 in
783 2594 895 2630 castro
911 2598 952 2630 de
968 2599 1143 2639 Baugoy0‚
1159 2599 1378 2638 Andegaven.
1398 2598 1445 2629 di.
1461 2615 1500 2621 —-
1518 2598 1545 2630 1.
1565 2606 1595 2629 e.
1613 2606 1660 2629 m.
1677 2598 1786 2638 priori
1804 2607 1833 2630 s.
1851 2598 1990 2630 Martini
2008 2599 2049 2631 de
2068 2599 2209 2640 Campis

591 2661 696 2693 prope
718 2652 886 2688 parisius,
911 2654 945 2684 et
968 2652 1098 2684 cantori
1119 2652 1370 2690 constantien„
1392 2660 1430 2683 ac
1456 2651 1617 2692 Philippo
1637 2651 1678 2683 de
1702 2651 1811 2689 Ercri,
1836 2660 1910 2683 can.
1926 2652 2106 2684 Belvacen.
2126 2653 2208 2686 eccl.

592 2706 645 2746 (Α.
660 2707 711 2744 24,
731 2706 755 2737 f.
770 2707 829 2737 174
845 2711 874 2744 ¹3
899 2705 935 2738 V.
952 2706 1005 2744 80,
1020 2714 1073 2746 ep.
1091 2706 1176 2746 188.)

637 2757 777 2790 23752.
802 2777 842 2783 —
866 2759 1031 2801 Philippo,
1055 2763 1129 2790 nato
1148 2758 1307 2790 Guillelmi
1325 2758 1362 2790 de
1378 2758 1524 2793 Givriaco
1546 2758 1627 2795 mil„
1648 2767 1743 2799 prov.
1769 2767 1888 2790 canon.
1906 2759 1970 2790 sub
1988 2768 2085 2799 exsp.
2101 2759 2207 2799 praeb.

591 2813 673 2845 eccl.
691 2813 871 2846 Ebroicen.
886 2831 926 2836 —
942 2814 968 2845 1.
986 2822 1015 2845 e.
1033 2822 1078 2844 m.
1098 2812 1175 2845 abb.
1194 2813 1340 2844 monast.
1361 2821 1389 2844 s.
1409 2812 1553 2844 Taurini
1567 2812 1759 2848 Ebroicen.,
1776 2814 1809 2843 et
1824 2812 1932 2852 priori
1947 2821 1975 2843 s.
1992 2812 2096 2853 Eligii
2113 2812 2208 2844 Pari-

591 2867 692 2904 sien.,
721 2876 760 2899 ac
778 2875 867 2908 mag.
891 2867 1034 2899 Nicolao
1058 2867 1100 2898 de
1119 2866 1282 2904 condeto,
1308 2875 1382 2898 can.
1408 2866 1629 2898 Aurelianen.
1654 2865 1734 2898 eccl.
1757 2866 1810 2905 (A.
1836 2867 1886 2902 24,
1912 2865 1937 2896 f.
1965 2867 2024 2897 173
2047 2865 2078 2904 ¹’3
2103 2865 2137 2896 V.
2154 2867 2208 2904 80,

590 2928 643 2961 ep.
662 2922 746 2960 189.)

635 2971 775 3004 23753.
794 2992 834 2998 —-
853 2973 1020 3015 Guoffredo
1038 2973 1159 3005 Fazaro
1175 2974 1286 3014 gratia
1298 2982 1396 3014 exsp.
1411 2972 1522 3005 benef.
1539 2981 1567 3004 c.
1581 2981 1610 3004 c.
1627 2972 1682 3004 vel
1698 2981 1728 3003 s.
1747 2981 1790 3010 c.‚
1809 2971 1946 3004 etiamsi
1966 2972 2072 3013 dign„
2091 2980 2208 3013 perso-

591 3028 693 3058 natus
709 3036 771 3059 seu
787 3027 843 3059 off.
862 3028 999 3064 existat,
1021 3028 1057 3059 in
1072 3027 1166 3059 civit.
1185 3027 1240 3059 vel
1255 3027 1303 3058 di.
1322 3026 1552 3067 Neapolitan.‚
1577 3026 1619 3057 ad
1637 3026 1752 3057 collat.
1774 3025 1940 3066 archiep.i
1966 3025 2186 3066 Neapolitani
2195 3035 2207 3064 3
