2540 3496
302 346 342 376 44

335 437 439 464 Datum
458 429 645 464 Avenione.

378 539 414 566 44
432 547 494 566 nov.
518 537 605 565 1325.

363 587 451 618 (xvm
467 582 526 610 kal.
542 579 618 615 dec.)

393 628 423 655 T.
442 627 501 660 XII,
517 626 586 653 XIV.

451 908 486 935 Ut
506 916 530 934 s

419 953 449 979 T.
468 951 550 978 XXII.

444 1389 525 1417 Uts.

429 1435 460 1461 Τ.
478 1435 534 1461 XX.

448 1766 485 1794 Ut
500 1775 524 1796 s,

389 1812 420 1840 T.
443 1812 488 1844 XI,
508 1811 580 1839 XIII.

446 1929 482 1956 Ut
502 1937 525 1956 s.

391 1973 421 2000 T.
440 1973 487 2006 XI,
507 1973 579 2001 XIII.

446 2142 522 2170 Uts.

434 2187 465 2214 T.
483 2187 538 2214 XX.

440 2249 528 2277 Uts.

432 2295 462 2321 Τ.
485 2295 541 2322 XX.

448 2411 526 2438 Uts.

430 2454 461 2481 T.
482 2455 539 2483 XX.

445 2624 480 2652 Ut
496 2633 520 2652 s.

427 2669 459 2696 T.
478 2669 536 2697 XX.

442 2785 478 2813 Ut
496 2794 520 2813 s.

388 2829 419 2858 T.
437 2831 483 2865 XI,
502 2831 575 2859 XIII.
597 2844 600 2847 Δ

706 339 879 371 JOANNlS
904 337 1022 368 PAPAE
1044 336 1146 366 XXII.
1172 336 1422 374 (1316-1334).
1444 351 1483 356 —
1506 332 1694 363 LITTERAE
1717 331 1943 363 COMMUNES

778 528 913 560 23808.
932 547 968 553 -
985 529 1135 561 Garnerio
1153 529 1305 569 Docques,
1323 535 1395 567 cap.
1416 528 1556 558 Joannae
1572 527 1616 559 R.
1631 527 1669 558 F.
1692 528 1725 558 et
1743 527 1799 563 N..
1816 528 2036 558 reservantur
2051 536 2170 559 canon.
2189 529 2222 559 et
2237 528 2343 568 praeb.

732 586 812 616 eccl.
831 585 1025 619 Carnoten„
1043 592 1102 622 per
1124 582 1310 613 consecrat.
1337 580 1431 612 Petri
1449 580 1490 612 de
1512 580 1691 620 Rupeforti
1709 580 1754 611 el.
1774 580 1965 620 Lingonen.
1981 580 2016 611 in
2042 580 2137 612 brevi
2162 583 2345 618 vacatura;

732 647 797 669 non
815 637 900 668 obst.
920 635 1054 676 paroch.
1073 636 1154 666 eccl.
1173 635 1213 666 de
1231 634 1468 672 Domunculis,
1491 636 1524 665 et
1543 634 1584 664 de
1610 633 1800 664 villaribus
1817 633 1968 673 Rigundi
1985 643 2023 665 ac
2040 642 2067 665 s.
2085 633 2204 666 Jacobi
2223 635 2263 666 de
2280 635 2347 667 Ga-

731 699 836 722 renna
855 690 953 730 juxta
969 690 1165 720 Meduntam
1183 688 1395 727 capellaniis,
1418 687 1563 719 Melden.
1583 689 1616 719 et
1638 687 1818 718 Carnoten.
1838 686 1904 723 di.;
1931 695 2009 718 cum
2027 688 2219 719 cassatione
2247 696 2344 728 prov.

731 753 848 776 canon.
866 743 929 774 sub
943 751 1040 782 exsp.
1052 742 1155 783 prael».
1172 742 1252 774 eccl.
1272 741 1452 773 Ebroicen.
1467 759 1504 764 -—
1517 742 1544 772 Ι.
1561 750 1590 772 e.
1605 750 1650 773 m.
1669 741 1842 781 archiep.o
1860 742 2043 780 Senonen.,
2056 743 2089 773 et
2103 735 2180 773 abb.
2196 742 2345 773 monast.

731 807 758 828 s.
777 796 939 828 Germani
958 796 998 827 de
1022 796 1137 827 Pratis
1160 795 1260 836 juxta
1285 795 1454 833 Parisius,
1475 804 1512 826 ac
1535 795 1662 826 decano
1681 795 1764 827 eccl.
1791 795 2014 826 Parisiensis.
2033 795 2088 834 (Α.
2111 796 2164 832 24,
2187 794 2211 826 f.
2234 797 2295 827 445
2315 799 2346 833 ¹3

738 850 770 881 V.
789 852 841 887 80,
860 859 913 889 ep.
931 850 1019 890 937.)

775 901 914 933 23809.
931 922 970 926 —
986 903 1103 934 dommi
1117 903 1314 941 Benevenuti,
1329 903 1466 940 Aretin.,
1484 908 1514 933 et
1530 902 1664 934 Andreae
1680 901 1849 940 Bernardi,
1867 901 2002 941 Clusin„
2019 912 2055 933 ac
2070 902 2131 933 Feo
2146 902 2346 941 Benevenuti,

729 957 929 997 Fulqinaten.
950 957 1021 989 eccl.
1050 967 1132 995 can„
1151 957 1266 989 mand.
1291 958 1329 988 ut
1347 956 1530 988 Francisco
1554 956 1706 988 Monaldi
1734 956 1776 988 de
1792 956 1938 987 Petusio
1958 956 2134 988 conferant
2154 956 2344 995 prioratum

730 1021 790 1043 seu
807 1011 887 1042 eccl.
906 1020 934 1042 s.
956 1012 1099 1051 Agnetis
1114 1012 1155 1042 de
1175 1011 1278 1048 Villa,
1297 1019 1371 1051 quae
1394 1010 1496 1051 vulgo
1519 1010 1644 1041 dicitur
1661 1009 1784 1041 Sancta
1799 1010 1906 1047 Enea‚
1925 1010 1997 1041 ord.
2018 1010 2266 1046 camaldulen,
2286 1010 2346 1041 Pe·

729 1065 837 1096 rusin.
854 1065 914 1104 di.,
940 1067 1141 1097 consuetum
1159 1073 1219 1104 per
1241 1073 1333 1096 mon.
1357 1064 1439 1095 dicti
1456 1064 1528 1095 ord.
1547 1063 1640 1103 gub„
1665 1065 1876 1103 spectantem
1900 1063 1943 1095 ad
1960 1063 2074 1095 collat.
2098 1063 2175 1094 abb.
2197 1064 2230 1095 et
2245 1071 2344 1094 conv.

729 1120 875 1150 monast.
891 1127 918 1150 s.
936 1118 1115 1158 Sepulchri
1132 1119 1173 1149 de
1193 1119 1318 1158 Burgoss,
1338 1118 1447 1158 ejusd.
1477 1117 1562 1155 ord.,
1584 1116 1880 1149 Civitatiscastelli
1905 1117 1966 1154 di.,
1984 1118 2018 1148 et
2035 1125 2108 1148 vac.
2131 1126 2191 1156 per
2213 1125 2349 1156 promo-

729 1172 856 1203 tionem
876 1172 999 1212 Angeli
1025 1172 1066 1203 ad
1086 1171 1259 1203 abbatiam
1288 1171 1397 1212 eJusd.
1424 1171 1571 1202 monast.
1581 1179 1591 1206 ;
1620 1179 1698 1201 cum
1720 1170 1928 1210 obligatione
1950 1169 2145 1202 dimittendi
2173 1169 2346 1202 abbatiam

729 1227 875 1257 monast.
905 1234 932 1256 s.
952 1225 1048 1257 Petri
1074 1226 1115 1256 de
1140 1226 1311 1265 Argnano,
1340 1225 1422 1255 dicti
1442 1224 1527 1261 ord.,
1549 1223 1683 1255 Clusin.
1709 1223 1769 1261 di.,
1794 1224 1830 1254 in
1849 1232 1916 1263 quo
1941 1222 2047 1255 abbas
2068 1231 2128 1263 per
2146 1223 2296 1263 priorem
2313 1222 2347 1254 et

729 1288 824 1310 conv.
843 1279 972 1310 heremi
992 1287 1020 1310 s.
1036 1278 1212 1310 Benedicti
1236 1279 1277 1309 de
1296 1278 1397 1313 Vivo,
1421 1286 1482 1317 per
1506 1277 1657 1317 priorem
1675 1276 1770 1308 soliti
1786 1276 1879 1317 gub„
1896 1277 2051 1308 eorumd.
2072 1277 2144 1308 ord.
2163 1277 2196 1308 et
2212 1276 2346 1308 Clusin.

729 1333 789 1370 di.,
806 1333 887 1372 poni
903 1334 935 1364 et
953 1332 1192 1372 removeripro
1209 1340 1327 1363 eorum
1341 1331 1554 1371 beneplacito
1564 1330 1754 1362 consuevit.
1771 1330 1826 1370 (A.
1841 1331 1892 1367 24,
1907 1329 1930 1360 f.
1948 1331 2008 1362 494
2024 1335 2052 1367 ¹;
2071 1329 2107 1361 V.
2125 1331 2177 1368 80,
2191 1339 2243 1370 ep.
2261 1330 2351 1370 954.)

774 1383 913 1415 23810.
930 1403 969 1408 -
987 1385 1120 1416 Falconi
1133 1385 1169 1415 de
1181 1385 1284 1426 Popia
1298 1384 1443 1424 archipr.
1461 1384 1669 1424 archipresb.
1684 1384 1726 1415 de
1739 1383 1947 1419 Pestilhaco,
1968 1383 2147 1415 Caturcen.
2163 1383 2225 1422 di.,
2244 1383 2349 1424 Papae

730 1441 762 1471 et
787 1441 828 1471 R.
859 1440 896 1470 E.
922 1440 957 1470 in
984 1439 1171 1479 Campania
1198 1441 1230 1470 et
1257 1438 1432 1470 Maritima
1454 1438 1618 1475 thesaur„
1642 1437 1806 1478 indulget.
1827 1438 1866 1468 ut
1890 1446 1999 1477 usque
2024 1437 2068 1468 ad.
2090 1446 2198 1469 unum
2220 1445 2348 1469 annum

729 1493 905 1524 confessor
920 1502 1005 1524 suus
1020 1493 1132 1532 ipsum
1153 1492 1331 1524 absolvere
1350 1493 1383 1523 et
1399 1492 1600 1531 dispensare
1618 1492 1729 1531 possit
1746 1501 1765 1522 a
1779 1490 1932 1522 reatibus
1950 1493 1983 1523 et
2000 1500 2104 1531 super
2117 1491 2351 1532 irregularita-

729 1547 822 1578 tibus
840 1548 1023 1578 contractis
1039 1555 1078 1577 eo
1091 1546 1181 1586 quod
1197 1546 1416 1577 executiones
1434 1545 1694 1583 sententiarum,
1711 1554 1785 1585 quae
1802 1546 1919 1576 contra
1935 1545 2173 1576 malefactores
2195 1546 2227 1576 et
2243 1544 2348 1576 scele-

729 1602 822 1632 ratos
838 1601 994 1632 homines
1010 1600 1046 1631 in
1067 1600 1262 1639 Campaniae
1284 1599 1534 1639 Maritimaeque
1558 1599 1746 1639 provinciis
1766 1608 1826 1638 per
1846 1598 2013 1630 officiales
2034 1599 2136 1630 curiae
2154 1599 2196 1630 R.
2214 1599 2253 1630 E.
2274 1606 2351 1639 pro-

730 1654 938 1694 mulgantur,
969 1654 1065 1685 factae
1089 1653 1227 1685 fuerunt
1249 1655 1282 1684 et
1305 1653 1402 1692 fiunt,
1431 1662 1508 1684 cum
1540 1653 1690 1692 expedit,
1715 1652 1756 1684 de
1782 1652 1856 1683 suis
1878 1643 2087 1684 conscientia
2112 1653 2146 1684 et
2167 1660 2349 1684 consensu.

731 1708 784 1747 (A.
800 1710 850 1746 24,
872 1709 896 1739 f.
912 1710 971 1740 527
986 1707 1015 1745 ις
1039 1708 1075 1739 V.
1092 1709 1145 1745 80,
1163 1716 1216 1747 ep.
1234 1709 1339 1746 1060.)

777 1759 871 1791 2381
882 1761 916 1791 1.
936 1780 974 1785 --
990 1761 1107 1792 loanni
1122 1761 1158 1791 de
1172 1761 1294 1791 Lisiaco
1307 1769 1404 1801 prov.
1422 1769 1542 1792 canon.
1560 1760 1624 1791 sub
1640 1769 1736 1800 exsp.
1754 1759 1858 1800 praeb.
1871 1760 1953 1791 eccl.
1968 1760 2142 1800 Agennen.
2157 1777 2196 1782 —
2211 1760 2238 1791 Ι.
2256 1767 2285 1790 e.
2300 1767 2348 1790 m.

730 1816 881 1856 prioris.
899 1816 1054 1855 Caprasii
1073 1815 1261 1855 Agennen„
1289 1816 1322 1846 et
1347 1814 1498 1846 thesaur.
1519 1814 1755 1851 Suessionen„
1779 1823 1815 1845 ac
1837 1813 1963 1845 ,Ioanni
1989 1814 2029 1845 de
2055 1813 2248 1851 Casalibus,
2272 1822 2347 1844 can.

730 1870 905 1910 Agennen.
925 1869 1006 1900 eccl.
1026 1869 1078 1913 (ᾼ.
1097 1871 1148 1904 24.
1167 1869 1189 1900 f.
1207 1870 1267 1900 538
1284 1874 1313 1906 ²3
1335 1868 1372 1900 V.
1391 1870 1443 1905 80,
1460 1877 1513 1908 ep.
1533 1869 1640 1907 1064.)

776 1920 915 1952 23812.
935 1942 972 1946 -
991 1922 1123 1953 Nicolao
1148 1922 1299 1952 Andrutii
1323 1922 1359 1952 de
1377 1921 1494 1952 Assisio
1519 1930 1615 1961 prov.
1644 1930 1762 1953 canon.
1781 1921 1846 1952 sub
1868 1929 1964 1961 exsp.
1992 1920 2095 1961 praeb.
2124 1920 2205 1952 eccl.
2229 1920 2349 1952 Pisan.

731 1977 810 2008 -1.
829 1986 858 2008 e.
876 1986 921 2007 m.
940 1976 1017 2008 abb.
1036 1979 1182 2007 monast.
1204 1985 1232 2007 s.
1253 1976 1430 2007 Benedicti
1443 1976 1484 2007 de
1501 1974 1770 2012 Montesubasio,
1791 1975 1823 2006 et
1839 1974 1984 2014 archipr.
2003 1975 2037 2007 S.
2055 1974 2100 2005 M.
2121 1974 2161 2005 de
2181 1974 2350 2013 Confinio,

730 2031 960 2063 Assisinaten.
987 2032 1020 2062 et
1038 2031 1196 2062 Perusin.
1221 2030 1280 2067 di.,
1301 2039 1340 2061 ac
1362 2029 1495 2061 Buxolo
1521 2029 1562 2060 de
1580 2030 1716 2066 Parma,
1738 2029 1840 2069 Papae
1858 2037 1946 2068 cap.‚
1966 2037 2039 2059 can.
2060 2028 2248 2060 Tornacen.
2267 2027 2350 2060 eccl.

730 2085 784 2124 (A.
803 2086 853 2119 24,
875 2084 974 2115 f.67·1
993 2083 1024 2120 1»;
1051 2084 1087 2115 V.
1106 2085 1159 2120 80,
1178 2092 1230 2123 ep.
1251 2082 1359 2123 4422.)

775 2135 914 2168 23813.
935 2156 973 2160 -
991 2137 1154 2167 Praedictis
1172 2136 1383 2167 executoribus
1405 2137 1520 2169 mand.
1538 2137 1574 2167 ut
1598 2135 1724 2167 faciant
1740 2135 1847 2176 recipi
1862 2135 2126 2167 Ballioncellum
2147 2135 2352 2174 Hermanni‚

730 2192 811 2223 cler.
829 2192 1000 2227 Perusin.,
1015 2191 1050 2222 in
1066 2192 1211 2222 monast.
1227 2199 1255 2222 s.
1273 2190 1368 2222 Petr1
1385 2190 1556 2226 Perusm
1574 2190 1612 2222 O.
1630 2190 1665 2222 S.
1682 2190 1720 2221 B.
1737 2189 1788 2228 (A.
1806 2191 1857 2226 24,
1876 2190 1899 2221 f.
1918 2191 2006 2221 671ι
2014 2188 2082 2226 ;V.
2100 2190 2152 2224 80,
2169 2197 2223 2229 ep.
2243 2188 2352 2230 1424.)

776 2242 913 2275 23814.
931 2264 969 2268 -
986 2245 1076 2276 Eisd.
1101 2245 1214 2276 mand.
1236 2244 1350 2275 simile
1366 2253 1427 2284 pro
1447 2244 1642 2283 receptione
1662 2243 1830 2274 Jacanelli
1853 2243 2055 2280 Hermanni,
2075 2242 2156 2274 cler.
2175 2242 2349 2281 Perusin.,

730 2299 765 2330 in
782 2301 926 2331 monast.
946 2308 974 2329 s.
993 2298 1182 2330 Salvatoris
1204 2298 1245 2329 de
1262 2298 1491 2333 Monteacuto,
1515 2298 1658 2329 Cisterc.
1681 2297 1767 2335 ord.,
1795 2297 1955 2328 Perusin.
1981 2297 2027 2327 di.
2053 2296 2105 2337 (A.
2125 2297 2176 2334 24,
2196 2296 2220 2326 f.
2242 2298 2300 2328 671
2318 2301 2348 2334 ⁸;

736 2352 773 2383 V.
795 2354 847 2390 80,
868 2361 922 2392 ep.
943 2352 1048 2391 4425.)

776 2403 913 2435 23815.
930 2424 969 2429 --
985 2406 1091 2446 Praep.
1111 2410 1241 2437 monast.
1259 2415 1284 2436 s.
1307 2404 1459 2436 Mustiolae
1477 2414 1581 2445 prope
1596 2403 1747 2441 Clusium,
1766 2413 1826 2445 per
1842 2413 1942 2445 praep.
1960 2403 2047 2434 soliti
2068 2403 2155 2444 φάη,
2174 2407 2204 2434 et
2226 2403 2347 2435 archid.

731 2460 912 2498 Cortonen„
932 2470 968 2490 ac
993 2470 1074 2500 maq.
1098 2458 1213 2490 Busolo
1229 2457 1411 2500 supradicto
1431 2458 1523 2490 idem
1549 2458 1662 2489 mand.
1688 2466 1750 2498 pro
1773 2457 1968 2497 receptione
1992 2457 2098 2489 Cintii
2120 2457 2282 2488 Venturae
2306 2456 2349 2489 de

727 2515 900 2552 Montone,
915 2513 996 2545 cler.
1013 2513 1171 2544 Perusin.
1188 2512 1247 2550 di.,
1263 2512 1298 2543 in
1314 2512 1460 2543 monast.
1477 2520 1505 2542 s.
1520 2511 1664 2543 Joannis
1681 2511 1722 2542 de
1737 2510 1909 2550 Marzano‚
1926 2510 1965 2543 Ο.
1979 2511 2016 2543 S.
2028 2511 2080 2549 B.‚
2098 2510 2283 2542 Castellan.
2299 2510 2348 2542 di.

728 2568 780 2609 (Α.
800 2569 852 2605 24,
872 2567 896 2598 f.
914 2569 973 2599 671
991 2572 1020 2604 ι;
1044 2566 1077 2597 V.
1096 2567 1148 2602 80,
1169 2575 1223 2606 ep.
1242 2566 1349 2605 1426.)

773 2619 910 2651 23816.
937 2638 976 2644 -
1002 2620 1165 2652 Judict‘bus
1185 2629 1290 2660 supra
1312 2619 1439 2651 notatis
1458 2620 1504 2658 (n.
1526 2619 1641 2656 23813)
1657 2618 1750 2650 idem
1765 2619 1878 2650 mand.
1903 2627 1965 2658 pro
1992 2617 2186 2658 receptione
2209 2617 2347 2650 Nicolai

726 2675 929 2712 Hermanni,
953 2674 1033 2706 cler.
1061 2674 1233 2711 Perusin.,
1251 2674 1287 2705 in
1307 2682 1380 2705 can.
1408 2673 1488 2704 eccl.
1515 2672 1688 2709 Perusin.,
1713 2672 1752 2704 O.
1777 2672 1811 2704 S.
1836 2673 1877 2703 A.
1897 2672 1952 2712 (Α.
1977 2673 2030 2709 24,
2055 2671 2078 2702 f.
2098 2672 2156 2703 671
2184 2671 2214 2708 ¹³;
2241 2670 2276 2703 V.
2294 2671 2348 2710 80,

727 2738 780 2769 e.p
799 2730 889 2760 1427.
893 2730 903 2767 )

771 2780 912 2812 23817.
933 2800 971 2806 —
991 2781 1087 2813 Petro
1101 2781 1235 2813 Joannis
1251 2780 1288 2812 de
1310 2780 1427 2818 Βανεὶε,
1447 2780 1528 2812 cler.
1546 2779 1718 2816 Perusin.,
1734 2779 1846 2819 gratia
1861 2788 1958 2820 exsp.
1978 2777 2090 2811 benef.
2109 2787 2138 2810 8.
2155 2787 2182 2810 c.
2202 2780 2254 2817 (50
2269 2778 2345 2812 flor.

726 2836 865 2876 aur1)1n
882 2836 975 2867 civit.
991 2836 1046 2868 vel
1063 2836 1109 2867 di.
1136 2835 1308 2872 Perusin.,
1325 2834 1450 2875 pertin.
1467 2834 1510 2865 ad
1525 2833 1639 2865 collat.
1658 2842 1712 2873 ep.
1717 2833 1917 2865 iPerusini.
1935 2850 1974 2855 -
1992 2833 2019 2865 Ι.
2040 2841 2070 2864 e.
2089 2841 2136 2863 m.
2151 2840 2255 2872 praep.
2271 2840 2348 2865 mo·

726 2892 813 2921 nast.
832 2899 861 2921 s.
885 2889 1055 2922 Mustiolae
1072 2898 1176 2929 prope
1193 2888 1362 2925 Clusium,
1378 2897 1438 2928 per
1456 2896 1561 2928 praep.
1580 2887 1675 2918 soliti
1693 2886 1786 2927 gub„
1804 2888 1837 2919 et
1861 2886 2006 2926 plebano
2022 2885 2135 2926 plebis
2153 2895 2180 2917 s.
2197 2885 2347 2918 Secundi

725 2944 766 2975 de
782 2944 885 2981 Lacu,
902 2943 1060 2975 Perusin.
1074 2943 1133 2980 di.,
1150 2951 1188 2974 ac
1204 2942 1329 2974 Bosolo
1343 2941 1384 2973 de
1398 2941 1534 2979 Parma,
1549 2949 1622 2972 can.
1637 2941 1839 2979 Tornacen„
1855 2940 1958 2981 Papae
1973 2949 2045 2980 cap.
2063 2939 2117 2981 (A.
2135 2941 2186 2978 24,
2200 2939 2222 2970 f.
2238 2940 2296 2971 671
2311 2938 2343 2976 '³3

731 2996 765 3029 V.
784 2998 835 3034 80,
850 3006 903 3037 ep.
921 2998 1026 3036 1428.)
