2540 3496
295 322 355 351 318

328 409 430 435 Ducum
449 402 633 436 Avenione.

372 615 407 642 17
422 617 489 649 sept.
511 612 595 639 1326.

378 660 429 692 (xv
446 657 503 685 kal.
519 657 588 687 oet.)

389 703 419 730 T.
437 703 482 733 XI,
504 701 574 728 XIll.

446 984 481 1011 Ut
502 993 525 1011 s.

356 1030 386 1057 T.
406 1029 500 1061 XXIV,
520 1027 613 1055 XXVI.

447 1571 483 1599 Ut
502 1579 526 1598 s.

398 1617 428 1643 T.
447 1616 493 1649 XI,
506 1615 577 1643 XllI.

449 1839 486 1866 Ut
506 1847 530 1866 s.

398 1885 428 1911 T.
447 1884 493 1918 xl,
510 1882 581 1910 XIII.

452 2055 486 2082 Ut
505 2062 529 2081 s.

358 2101 390 2128 T.
407 2100 429 2127 X
448 2101 490 2133 ¹12,
512 2098 560 2125 XII
578 2099 621 2131 ¹lz.

382 2321 418 2349 18
432 2323 501 2356 sept.
519 2319 606 2347 1326.

378 2367 443 2401 (inv
461 2365 520 2392 kal.
538 2364 607 2399 oct.)

432 2410 463 2437 T.
483 2410 553 2438 XIV.

460 2482 494 2509 Ut
514 2490 539 2510 s.

402 2527 434 2555 T.
453 2527 500 2561 xl,
516 2526 587 2554 XIII.

458 2749 492 2777 Ut
512 2757 535 2777 s.

441 2794 472 2821 T.
490 2794 545 2821 XX.

455 2961 490 2988 Ut
511 2969 534 2988 s.

402 3005 432 3032 T.
454 3006 499 3039 XI,
520 3006 591 3033 XIII.

691 312 864 345 JOANNIS
888 311 1006 342 PAPAE
1028 310 1129 340 XXII.
1153 307 1398 349 (1316-1334).
1421 325 1460 330 —
1483 305 1670 337 LITTERAE
1693 304 1919 336 COMMUNES

724 505 797 534 cato
813 503 853 533 de
867 501 1084 537 Monteclaro,
1103 499 1333 531 Ruthenensis
1347 499 1379 530 et
1395 497 1584 530 Vabrensis
1601 498 1647 529 di.
1667 515 1705 520 —
1719 497 1746 529 Ι.
1768 505 1797 528 e.
1815 506 1860 529 m.
1874 497 2108 538 Engolismen.
2126 498 2160 529 et
2175 497 2322 537 Burgen.

724 555 872 591 decanis,
892 563 930 585 ac
949 563 1050 594 praep.
1069 553 1278 584 Avenionen.
1298 552 1378 583 eccl.
1398 552 1449 589 (A.
1463 553 1516 588 26,
1535 551 1558 582 s.
1574 553 1614 583 67
1635 556 1664 588 ⁸3
1690 550 1724 582 V.
1740 552 1792 587 82,
1808 559 1861 591 ep.
1879 551 1945 591 43.)

769 606 906 638 26539.
923 626 959 630 -
976 606 1077 636 Paulo
1102 605 1259 636 Bernardi
1285 604 1443 635 Thomasii
1461 603 1498 635 de
1524 604 1689 646 Carapelle
1706 604 1843 636 collatio
1866 612 1985 636 canon.
2003 603 2085 636 eccl.
2104 612 2132 635 s.
2153 603 2276 644 Angeli
2291 603 2326 634 in

725 662 796 692 foro
816 661 961 701 piscium
980 660 1021 690 de
1039 659 1129 690 Urbe
1151 659 1185 689 in
1205 667 1283 698 qua,
1308 658 1388 689 licet
1406 657 1452 689 sit
1470 659 1583 689 certus
1599 666 1672 689 can.
1694 666 1872 695 numeruS,
1898 656 2002 698 praeb.
2022 658 2137 689 tamen
2152 656 2327 688 distinctio

725 723 790 745 non
807 714 964 749 habetur;
992 721 1058 744 non
1074 712 1162 743 obst.
1181 721 1300 743 canon.
1318 713 1350 742 et
1366 710 1470 751 praeb.
1487 719 1525 742 ac
1550 710 1777 751 portionibus,
1798 711 1903 743 annui
1919 710 2048 742 valoris
2062 711 2080 742 3
2097 710 2171 742 flor.
2189 709 2276 748 auri,
2293 709 2327 741 in

727 777 754 798 s.
786 767 948 807 Cypriani
966 767 1006 797 de
1026 765 1202 806 Carapelle
1220 767 1252 796 ct
1275 773 1303 796 s.
1329 764 1452 804 Angeli
1469 764 1510 796 de
1529 764 1630 805 vigio
1653 764 1748 802 ech,
1771 764 1974 805 Aquilegen.
1994 765 2028 796 et
2054 763 2196 796 Valven.
2219 763 2267 795 di.
2289 780 2329 786 —

725 822 751 852 I.
771 830 799 852 e.
817 829 861 851 m.
877 820 999 851 Joanni
1016 820 1056 850 de
1072 819 1211 859 Fajano‚
1228 818 1378 850 basilicae
1395 818 1562 858 principis
1579 818 1814 858 apostolorum
1830 818 1871 849 de
1881 817 1985 855 Urbe,
2004 820 2036 849 et
2051 817 2176 849 Joanni
2189 816 2330 849 Jordani

725 875 765 906 de
783 873 949 910 patritiis,
968 873 1183 910 Lateranen„
1202 881 1240 903 ac
1255 871 1396 903 Nicolao
1411 871 1452 903 de
1468 871 1630 909 Ceccano,
1649 871 1827 904 Belvacen.
1845 880 1920 903 can.
1937 871 2018 904 eccl.
2037 871 2092 912 (A.
2110 872 2162 909 26,
2181 870 2203 904 f.
2222 871 2280 902 119
2297 875 2330 908 ·;

732 928 766 959 V.
791 929 843 963 82,
864 936 916 966 ep.
938 927 1004 966 55.)
1536 936 1538 938 ·

771 977 908 1011 26540.
928 997 966 1003 -
982 980 1085 1020 Proep.
1103 984 1133 1010 et
1151 979 1247 1020 capit.
1264 978 1337 1010 eccl.
1363 978 1536 1016 Tolosanae,
1553 977 1588 1011 O.
1613 978 1647 1011 S.
1668 979 1721 1016 A.,
1740 987 1833 1010 conc.
1849 978 2021 1019 exemptio
2045 978 2198 1010 omnium
2222 977 2333 1010 reddi-

726 1036 822 1065 tuum
843 1035 875 1065 et
895 1035 1121 1073 proventuum
1138 1033 1180 1064 ad
1197 1032 1293 1072 ipsos
1310 1032 1434 1073 pertin.
1450 1034 1483 1064 et
1496 1032 1587 1064 infra
1602 1032 1750 1064 confinia
1766 1032 1965 1064 dioecesium
1981 1031 2212 1070 Lomberien.‚
2228 1031 2332 1063 Mira-

727 1087 868 1127 piscen,
886 1087 1018 1122 Riven.,
1041 1087 1204 1122 Vauren..
1231 1094 1259 1117 s,
1279 1085 1402 1126 Papuli
1423 1087 1457 1118 et
1471 1085 1728 1124 Montisalban.,
1753 1094 1862 1126 nuper
1883 1085 2042 1125 limitata,
2064 1084 2276 1122 sistentium,
2291 1084 2333 1116 ab

728 1141 819 1172 omni
842 1141 1082 1180 Jurisdictione
1100 1148 1255 1179 ep.orum
1271 1139 1438 1171 dictarum
1463 1139 1672 1171 dioecesium.
1692 1157 1731 1163 --
1745 1140 1772 1171 I.
1792 1148 1821 1172 e.
1842 1148 1887 1171 m.
1912 1139 2084 1180 archiep.o
2099 1138 2284 1176 Auxitano,
2300 1139 2334 1170 et

728 1203 804 1234 ep.o
822 1194 1028 1230 Lectorensi,
1050 1202 1087 1224 ac
1111 1193 1226 1224 abbati
1248 1193 1450 1225 monasterii
1475 1193 1739 1234 Moysiacensis,
1758 1193 1935 1225 Caturcen.
1961 1193 2007 1224 di.
2034 1192 2086 1234 (A.
2112 1193 2164 1231 26,
2187 1191 2211 1224 f.
2229 1193 2287 1224 127
2301 1191 2334 1229 ⁸3

736 1248 767 1278 V.
785 1249 836 1285 82,
855 1257 906 1287 ep.
927 1247 993 1287 65.)

774 1298 913 1331 26541.
933 1319 969 1323 -
986 1300 1154 1331 Francisco
1168 1300 1304 1331 Manetti
1317 1300 1355 1331 de
1376 1300 1540 1332 Florentia
1558 1309 1648 1332 mon.
1667 1301 1813 1332 monast.
1831 1299 2047 1337 Fontisboni,
2065 1300 2137 1332 ord.
2156 1298 2335 1332 Camaldu-

729 1355 848 1390 lensis‚
863 1355 1070 1386 Florentinae
1086 1354 1145 1392 di.,
1163 1354 1314 1394 dispens.
1332 1356 1368 1386 ut
1386 1354 1428 1386 ad
1444 1363 1563 1386 omnes
1579 1353 1735 1386 abbatias
1755 1354 1838 1386 dicti
1855 1354 1941 1390 ord¹¹
1960 1353 2143 1394 principali
2160 1353 2338 1385 dumtaxat

731 1410 882 1448 excepta,
908 1408 1038 1439 assumi
1054 1408 1176 1445 valeat,
1195 1407 1275 1439 licet
1288 1408 1371 1439 olim
1393 1417 1435 1440 ex
1450 1408 1569 1440 ordine
1584 1409 1623 1440 F.
1643 1408 1703 1447 M.‚
1720 1416 1821 1448 quem
1834 1407 1991 1448 pueritiae
2006 1416 2076 1439 suae
2092 1408 2246 1447 tempore
2262 1414 2336 1447 pro·

733 1462 845 1493 fessus
861 1461 1033 1499 extiterat,
1055 1461 1096 1493 de
1112 1461 1252 1493 licentia
1278 1461 1333 1492 sui
1357 1461 1558 1502 superioris,
1583 1462 1626 1493 ad
1640 1463 1787 1494 monast.
1816 1470 1844 1493 s.
1872 1460 1991 1493 savini
2006 1468 2112 1501 prope
2127 1460 2239 1497 Pisas,
2255 1458 2338 1491 dicti

731 1515 964 1547 Camaldulen.
979 1515 1066 1550 ord„
1083 1523 1119 1546 se
1138 1515 1364 1547 transtulerit.
1382 1515 1438 1556 (A.
1455 1517 1508 1552 26,
1526 1515 1548 1547 f.
1569 1517 1627 1548 103
1643 1515 1673 1552 ¹‘3
1698 1515 1733 1547 V.
1750 1516 1803 1551 82,
1822 1523 1875 1555 ep.
1894 1515 1979 1554 192.)
2225 1549 2228 1552 ,

777 1566 916 1598 26542.
937 1587 974 1592 -
990 1568 1151 1600 Balduino
1168 1568 1250 1600 dicto
1270 1568 1387 1605 Hier-al,
1404 1568 1516 1609 presb.
1539 1568 1796 1601 Cameracensis
1816 1569 1875 1607 di.,
1894 1568 2003 1609 gratia
2019 1576 2116 1608 exsp.
2139 1566 2251 1599 benef.
2276 1574 2340 1598 sae·

733 1623 798 1654 cul.
815 1624 855 1661 (c.
875 1631 902 1653 c.
920 1623 960 1654 80
975 1622 1027 1653 vel
1044 1631 1073 1653 s.
1089 1632 1116 1654 c.
1137 1623 1177 1654 50
1193 1623 1217 1654 l.
1241 1623 1293 1662 t.),
1311 1623 1353 1654 ad
1368 1623 1481 1654 collat.
1501 1622 1577 1654 abb.
1596 1623 1629 1654 et
1645 1631 1741 1655 conv.
1760 1618 1906 1654 monast.
1924 1621 2155 1662 Affligemen„
2177 1620 2218 1654 Ο.
2234 1620 2268 1651 S.
2284 1619 2338 1657 Β..

733 1677 950 1707 Cameracen-
974 1676 1035 1714 di.,
1062 1676 1184 1715 pertin.
1203 1692 1240 1698 -
1259 1677 1286 1707 Ι.
1304 1685 1333 1708 e.
1351 1685 1398 1707 m.
1414 1685 1518 1716 praep.
1542 1677 1688 1708 monast.
1708 1677 1749 1708 de
1775 1675 2027 1716 Coudeberghe‚
2046 1684 2107 1716 per
2122 1683 2226 1715 praep.
2245 1672 2342 1706 soliti

733 1730 824 1770 gub„
847 1731 880 1761 et
897 1730 1023 1761 decano
1039 1729 1071 1760 b.
1090 1729 1253 1762 Rumoldi
1271 1730 1481 1767 Maclinien.,
1497 1730 1714 1762 Cameracen.
1731 1730 1791 1768 di.,
1809 1739 1846 1762 ac
1868 1738 1956 1770 mag.
1980 1728 2123 1762 Nicolao
2138 1728 2179 1760 de
2194 1726 2340 1765 Emotis,

734 1792 806 1814 can.
825 1784 999 1815 Patracen.
1015 1783 1109 1821 eccl„
1127 1784 1191 1815 litt.
1211 1785 1321 1823 apost.
1339 1784 1535 1815 correctori.
1554 1784 1667 1824 (Α.26,
1683 1783 1705 1815 f.
1720 1785 1779 1816 267
1795 1789 1824 1821 ·;
1845 1782 1878 1815 V.
1895 1784 1947 1822 82,
1965 1791 2017 1823 ep.
2033 1783 2120 1822 319.)

779 1834 918 1867 26543.
946 1854 985 1860 -
1012 1837 1194 1868 Rabbodoni
1218 1837 1301 1868 dicto
1329 1837 1514 1879 Praeposito,
1538 1837 1618 1870 cler.
1640 1837 1687 1869 di.
1705 1837 1975 1876 cameracensis
1990 1836 2101 1877 gratia
2119 1844 2212 1876 exsp.
2228 1833 2340 1867 benef.

735 1891 862 1922 similis
885 1891 926 1922 ad
948 1891 1060 1922 collat.
1092 1891 1210 1922 decani
1233 1892 1267 1923 et
1293 1891 1395 1931 capit.
1422 1891 1504 1923 eccl.
1527 1891 1560 1923 b.
1585 1891 1748 1923 Rumoldi
1774 1890 1984 1929 Maelinien.‚
2003 1890 2220 1922 cameracen.
2238 1888 2286 1921 di.
2304 1905 2343 1912 —-

734 1945 761 1975 Ι.
786 1953 815 1975 e.
833 1953 878 1976 m.
903 1953 1005 1984 praep.
1026 1946 1060 1976 et
1081 1953 1154 1976 can.
1174 1945 1393 1985 supradictis,
1415 1954 1453 1977 ac
1471 1945 1597 1977 decano
1616 1953 1645 1976 s.
1664 1945 1808 1977 Gudulae
1833 1944 2044 1982 Bruxellen„
2061 1944 2279 1976 cameracen.
2294 1941 2343 1974 di.

737 1999 788 2036 (A.
803 1999 855 2035 26,
873 1998 896 2028 f.
915 1999 974 2029 267
989 1998 1021 2034 ὓ,
1043 1998 1079 2029 V.
1096 1999 1147 2036 82,
1166 2007 1219 2038 ep.
1238 1999 1325 2037 320.)

781 2049 916 2081 26544.
935 2070 972 2075 —
990 2052 1109 2083 Joanni
1121 2051 1250 2092 Anqlici
1264 2052 1417 2092 provisio
1435 2061 1554 2084 canon.
1573 2052 1637 2084 sub
1653 2061 1749 2092 exsp.
1769 2051 1873 2093 praeb.
1890 2052 1971 2084 eccl.
1985 2060 2012 2083 s.
2032 2051 2127 2083 Petri
2139 2048 2343 2087 Insulensis,

735 2106 922 2137 Tornaeen.
945 2105 1004 2143 di.,
1022 2115 1088 2137 non
1109 2105 1196 2138 obst.
1225 2106 1459 2146 expectatione
1479 2106 1636 2138 beneficii
1657 2106 1846 2138 ecclesiast.
1869 2115 1898 2138 c.
1919 2115 1947 2137 c.
1971 2106 2026 2137 vel
2048 2114 2076 2137 s.
2098 2113 2141 2143 c.,
2163 2104 2206 2136 ad
2229 2102 2344 2135 collat.

736 2159 870 2190 abbatis
886 2161 919 2190 et
935 2168 1033 2191 conv.
1056 2161 1202 2191 monast.
1219 2160 1474 2196 Fiscannensis.
1495 2160 1534 2193 Ο.
1554 2161 1588 2193 S.
1609 2161 1663 2197 B..
1683 2159 1930 2200 Rothomagen.
1948 2159 1995 2191 di.
2015 2176 2053 2183 —
2070 2159 2096 2190 I.
2117 2167 2148 2191 e.
2166 2166 2213 2189 m.
2230 2156 2345 2189 abbati

735 2214 881 2244 monast.
899 2222 927 2245 s.
946 2213 1128 2245 Genovefae
1153 2214 1334 2251 Parisien.,
1360 2215 1391 2246 et
1413 2214 1551 2246 scolast.
1575 2214 1776 2252 Tornacen„
1794 2222 1832 2246 ac
1855 2222 1942 2254 mag.
1965 2213 2049 2253 Ligo
2070 2213 2111 2244 de
2129 2210 2345 2249 Urbeveteri,

737 2276 808 2298 can.
826 2268 968 2299 Remen.
983 2267 1216 2303 ecclesiarum,
1231 2267 1406 2307 capellano
1423 2268 1536 2308 Papae.
1557 2268 1609 2307 (A.
1627 2269 1679 2306 31,
1696 2267 1719 2299 f.
1738 2268 1799 2300 460
1813 2267 1845 2304 b3
1871 2267 1907 2299 V.
1927 2268 1978 2305 88,
1995 2275 2047 2307 ep.
2065 2267 2171 2302 3664.)

782 2317 919 2350 26545.
940 2339 979 2343 -
1004 2321 1099 2351 Petro
1115 2330 1185 2362 ep.o
1206 2321 1398 2352 Praenestino
1413 2321 1558 2353 facultas
1574 2321 1762 2362 recipiendi
1778 2330 1798 2353 a
1820 2321 1923 2353 Petro
1941 2320 2067 2361 quond.
2084 2328 2173 2360 mag.
2193 2317 2347 2351 Bartholi

737 2374 778 2404 de
802 2374 955 2405 Bononia
984 2375 1144 2414 resignat.
1177 2377 1395 2406 canonicatus
1427 2377 1460 2407 et
1486 2375 1590 2415 praeb.
1621 2375 1701 2407 eccl.
1728 2376 1767 2407 B.
1792 2375 1837 2407 M.
1867 2374 2091 2415 Tungrensis,
2116 2373 2279 2405 Leodien.
2298 2371 2344 2404 di.

738 2427 792 2468 (A.
812 2428 862 2465 26,
885 2428 908 2459 f.
927 2430 964 2460 61
983 2428 1013 2466 b;
1028 2429 1164 2468 sraqm.;
1188 2428 1220 2460 V.
1238 2430 1290 2465 82,
1305 2438 1357 2469 ep.
1375 2430 1420 2468 6.)

785 2478 920 2511 26546.
944 2500 982 2505 -
1005 2482 1121 2513 Joanm'
1144 2482 1181 2513 de
1199 2482 1315 2520 Lorda,
1336 2491 1410 2514 can.
1432 2484 1578 2515 monast.
1600 2492 1628 2514 s.
1647 2483 1822 2515 Saturnini
1845 2482 2021 2520 Tolosam,
2039 2482 2080 2514 Ο.
2106 2483 2140 2514 S.
2162 2481 2218 2516 A.,
2238 2479 2348 2521 gratia

739 2543 834 2574 exsp.
861 2534 986 2573 benef„
1010 2536 1183 2575 prioratus
1208 2545 1269 2567 seu
1288 2537 1343 2568 off.
1369 2546 1397 2567 c.
1424 2545 1452 2568 c.
1481 2536 1534 2568 vel
1553 2546 1580 2567 s.
1607 2546 1635 2568 c.
1662 2537 1771 2576 (1001.
1791 2538 1844 2575 t.),
1868 2536 1910 2567 ad
1925 2536 2037 2567 collat.
2057 2534 2191 2567 abbatis
2203 2535 2236 2566 et
2250 2542 2346 2566 conV.

740 2588 846 2628 ejusd.
871 2591 1015 2621 monast.
1035 2589 1239 2629 pertinentis
1258 2591 1290 2621 et
1306 2598 1366 2629 per
1381 2590 1492 2630 ipsius
1510 2599 1582 2622 can.
1601 2590 1680 2631 gub.
1698 2590 1803 2622 soliti.
1820 2608 1858 2613 —-
1877 2590 1904 2621 Ῑ.
1924 2599 1952 2621 e.
1969 2598 2015 2620 m.
2031 2597 2107 2629 ep.o
2122 2589 2347 2628 Carpentora-

739 2644 820 2677 ten.,
846 2644 878 2673 et
903 2642 979 2673 abb.
1007 2644 1148 2674 monast.
1175 2644 1319 2681 Fuxen.,
1339 2644 1537 2684 Appamiar.
1563 2644 1622 2682 di.,
1647 2653 1685 2676 ac
1702 2644 1842 2676 officiali
1866 2644 2027 2675 Tolosan.
2049 2643 2101 2682 (A.
2118 2643 2170 2679 26,
2191 2641 2214 2673 f.
2239 2642 2294 2672 111
2317 2645 2347 2676 ⁸;

747 2695 781 2725 V.
801 2697 853 2733 82,
870 2705 922 2735 ep.
942 2696 1006 2736 14.)

786 2746 923 2779 26547.
939 2767 978 2772 —
995 2750 1102 2781 Priori
1117 2761 1141 2780 s.
1159 2751 1246 2781 Petri
1261 2751 1480 2789 Matisconen„
1500 2757 1528 2783 ee
1546 2751 1664 2783 archid.
1685 2751 1854 2783 Benascen.
1874 2750 2022 2786 Ilerdam,
2040 2760 2076 2781 ac
2095 2750 2231 2781 sacristae
2245 2746 2347 2780 saecul.

741 2813 765 2833 s.
784 2803 879 2833 Pauli
897 2803 1078 2844 Lugdunen.
1100 2804 1172 2836 eccl.
1190 2806 1303 2836 mand.
1319 2807 1355 2836 ut
1371 2805 1594 2837 Guillelmum
1611 2806 1729 2837 natum
1746 2806 1870 2846 quond.
1890 2805 2018 2836 Perelli
2036 2804 2077 2835 de
2092 2804 2263 2843 Thureyo,
2290 2802 2347 2834 do-

742 2856 881 2892 micelli,
907 2857 987 2888 cler.
1012 2857 1210 2889 Cabilonen.
1227 2859 1287 2896 di.,
1310 2859 1415 2899 recipi
1434 2859 1560 2890 faciant
1576 2859 1611 2890 in
1637 2868 1708 2891 can.
1731 2859 1812 2890 eccl.
1836 2858 2087 2895 Cabilonensis‚
2103 2857 2138 2888 in
2154 2865 2221 2897 qua
2236 2857 2350 2887 certus

742 2918 812 2941 can.
829 2919 992 2941 numerus
1009 2913 1041 2942 et
1060 2911 1162 2949 praeb.
1181 2912 1356 2943 distinctio
1373 2922 1441 2944 non
1455 2912 1633 2944 habentur.
1653 2913 1704 2953 (A.
1723 2915 1773 2950 26,
1794 2913 1818 2944 f.
1838 2914 1896 2943 117
1912 2917 1941 2949 ²5
1963 2912 1999 2943 V.
2014 2913 2066 2949 82,
2084 2920 2137 2951 ep.
2155 2911 2221 2949 37.)

787 2960 925 2992 26548.
941 2981 980 2986 —-
1000 2964 1157 2995 leeudino
1178 2970 1251 2995 nalo
1266 2966 1375 2996 Jacobi
1391 2966 1428 2996 de
1447 2965 1611 2997 leebaldis
1625 2966 1662 2997 de
1677 2967 1806 3004 Nursia,
1824 2967 1947 2997 rectori
1965 2965 2099 3005 paroch.
2117 2964 2199 2996 eccl.
2214 2972 2242 2994 s.
2258 2963 2348 2995 Feli-

743 3016 792 3047 cis
818 3016 858 3047 de
882 3017 988 3054 Colle,
1008 3017 1179 3056 Spoletan.
1198 3019 1257 3055 di.,
1278 3021 1308 3056 (5
1328 3020 1400 3050 flor.
1420 3021 1519 3057 auri),
1538 3022 1755 3052 reservantur
1770 3019 1988 3051 canonicatus
2003 3021 2036 3050 et
2051 3018 2154 3058 praeb.
2172 3017 2252 3049 eccl.
2268 3016 2348 3048 Fui-
