2540 3496
194 455 300 483 Datum
315 449 498 482 Avenione.

230 555 271 583 2⁰
289 562 353 582 nov.
373 553 461 581 432⁶.

233 595 288 632 (xu
304 593 364 622 kal.
385 593 461 627 dec.)

255 640 286 668 T.
305 639 351 670 XI,
367 637 439 666 XIII.

308 763 344 791 Ut
362 770 386 790 s.

255 808 286 836 T.
304 807 351 840 XI,
367 806 439 834 XIII.

306 976 342 1004 Ut
362 983 387 1003 s.

256 1022 287 1049 T.
301 1021 348 1055 XI,
366 1019 438 1048 XIII.

308 1137 346 1164 Ut
362 1145 386 1164 ε.

255 1182 286 1210 Τ.
303 1182 350 1216 XI,
365 1181 437 1208 XIII.

307 1244 344 1272 Ut
363 1252 388 1271 s.

257 1289 289 1317 T.
303 1289 350 1323 XI,
370 1288 442 1316 XIII.

310 1457 346 1485 Ut
361 1466 385 1485 s.

293 1503 324 1530 T.
345 1502 403 1530 XX.

308 1672 343 1700 Ut
367 1680 392 1699 s.

280 1717 312 1745 T.
332 1716 415 1744 XXX.

311 1833 348 1862 Ut
363 1841 388 1862 s.

295 1879 327 1907 Τ.
345 1877 402 1906 XX.

233 1941 272 1969 21
292 1948 356 1969 nov.
374 1939 463 1968 1326.

242 1986 286 2023 (xi
301 1985 362 2014 kal.
382 1984 459 2021 dec.)

298 2031 329 2058 T.
346 2030 403 2058 XL.

311 2155 348 2184 Ut
366 2163 390 2184 s.

295 2200 326 2228 T.
348 2200 406 2228 XX.

190 2390 193 2392 -
237 2368 278 2398 22
292 2377 356 2397 nov.
377 2368 475 2399 1326.

254 2414 285 2450 (x
299 2413 359 2442 kal.
376 2413 452 2449 dec.)

292 2459 324 2486 T.
343 2458 414 2486 XVI.

313 2529 349 2558 Ut
368 2538 393 2558 s.

278 2575 310 2603 T.
331 2574 424 2603 XXVI.

555 362 729 393 JOANNIS
753 362 871 392 PAPAE
893 362 995 393 XXII.
1019 363 1266 401 (1316-1334).
1289 380 1328 385 ·—
1350 362 1536 392 LITTERAE
1558 360 1782 392 COMMUNES
2126 363 2188 392 375

636 549 774 580 27096.
793 568 828 573 —-
848 550 985 588 Alberto,
1003 557 1074 582 nato
1098 552 1291 592 quelrardi
1311 553 1348 583 de
1364 552 1544 593 Fridenqin,
1565 553 1701 584 collatio
1719 562 1837 585 canon.
1855 554 1918 585 sub
1940 563 2036 595 exsp.
2056 557 2135 587 eccl.
2153 558 2188 589 in

591 602 842 644 Sindiliungen,
858 604 1130 636 constantiensis
1146 606 1192 636 di.
1205 606 1292 636 —In
1307 615 1336 637 e.
1355 615 1399 637 m.
1414 605 1585 645 archiep.o
1600 606 1847 644 Ebredunensi,
1864 608 1897 639 et
1910 608 2023 639 abbati
2041 611 2187 643 monast.

591 657 627 688 in
642 657 878 694 Bebenhusen,
894 666 932 687 ac
947 666 1050 696 praep.
1066 658 1146 688 eccl.
1165 659 1199 688 in
1214 659 1425 698 Stuogarten‚
1442 658 1716 690 constantiensis
1726 660 1771 690 di.
1788 660 1842 699 (A.
1858 661 1908 697 26,
1925 661 1948 692 f.
1964 663 2024 693 348
2038 662 2067 699 ὓς
2083 663 2118 694 V.
2135 664 2187 702 82,

592 719 645 750 ep.
662 710 751 748 505.)

636 761 774 793 27097.
792 780 830 785 -
850 762 1021 793 Bertholdo
1046 763 1127 793 dicto
1151 763 1373 794 Blumenserosc
1396 764 1434 794 de
1451 764 1567 801 Hallis,
1586 775 1666 806 may.
1686 766 1719 795 in
1743 766 1871 801 artibus,
1891 768 2009 799 eadem
2027 771 2135 808 gratia
2152 770 2187 801 in

592 817 673 848 eccl.
692 817 727 847 in
746 816 845 856 Haug
865 819 962 847 extra
984 825 1101 862 muros
1122 817 1342 856 Herbipolen.
1362 835 1398 839 -
1418 818 1458 848 In
1473 826 1501 848 e.
1522 827 1566 848 m.
1590 818 1759 858 archiep.0
1775 820 2020 858 Ebredunensi,
2036 804 2069 854 et
2083 833 2188 864 praep.

591 869 895 906 Novimonasterii,
916 878 953 900 ac
975 869 1172 907 Bertholdo,
1200 870 1335 901 scolast.
1354 871 1434 901 eccl.
1454 871 1593 909 maj0ris
1618 871 1890 911 Herbipolensis.
1910 875 1963 914 (A.
1981 877 2031 913 26,
2046 876 2069 907 f.
2084 878 2144 909 348
2159 877 2189 915 ¹‘;

597 923 635 955 V.
654 925 706 961 82,
724 932 776 963 ep.
791 924 878 962 506.)

637 974 776 1007 27098.
795 994 831 999 -
846 975 1022 1007 Bercrando
1040 975 1076 1005 de
1101 975 1241 1007 Causaco
1263 976 1376 1008 collat.
1397 985 1514 1007 canon.
1536 977 1599 1008 sub
1614 986 1706 1017 exsp.
1723 979 1825 1018 praeb.
1840 988 1877 1011 ac
1894 980 1985 1020 dign.
2005 983 2058 1014 vel
2077 993 2189 1023 perso-

593 1033 693 1062 natus
708 1039 768 1062 seu
786 1030 841 1061 off.
861 1039 888 1060 c.
906 1039 935 1060 c.
957 1029 1009 1060 vel
1027 1038 1054 1060 s.
1072 1038 1099 1060 c.
1115 1029 1195 1060 eccl.
1213 1029 1347 1060 Albien.
1367 1047 1405 1051 —
1419 1030 1456 1060 In
1475 1039 1505 1060 e.
1519 1039 1563 1060 m.
1582 1039 1658 1069 ep.o
1672 1031 1923 1070 Montisalban.,
1943 1035 1975 1065 et
1990 1044 2091 1076 praep.
2109 1038 2191 1069 Avi-

593 1085 743 1121 nionen.,
761 1092 799 1115 ac
814 1083 966 1114 sacristae
985 1082 1196 1122 Magalonen.
1213 1082 1292 1113 eccl.
1308 1082 1361 1122 (A.
1380 1084 1431 1119 28,
1447 1083 1470 1113 f.
1490 1085 1508 1114 9
1527 1082 1555 1120 1’;
1581 1083 1613 1113 V.
1630 1085 1682 1120 84,
1702 1093 1754 1123 ep.
1771 1086 1879 1124 2243.)

637 1134 776 1168 27099.
794 1153 832 1159 —
850 1135 1022 1172 Bernardo,
1050 1140 1125 1166 nato
1141 1134 1303 1166 Guillermi
1327 1135 1364 1165 de
1387 1135 1525 1166 Causaco
1551 1136 1670 1173 militis,
1689 1137 1824 1169 collatio
1851 1148 1968 1172 canon.
1996 1142 2059 1173 sub
2090 1152 2184 1183 exsp.

593 1191 696 1232 praeb.
716 1190 798 1223 eccl.
819 1191 956 1225 Vatan.‚
976 1189 1205 1221 Bituricensis
1229 1189 1275 1220 di.
1294 1206 1332 1212 —
1349 1189 1377 1220 Ι.
1396 1198 1424 1220 e.
1447 1198 1492 1220 m.
1508 1191 1545 1220 ut
1557 1199 1585 1220 s.
1609 1191 1662 1230 (A.
1682 1191 1733 1227 28,
1749 1191 1771 1221 f.
1794 1192 1832 1222 10
1850 1197 1878 1229 ⁵;
1898 1192 1932 1223 V.
1944 1195 1996 1230 84,
2014 1204 2066 1235 ep.
2084 1198 2190 1238 2344.)

638 1242 774 1274 27100.
790 1261 830 1267 —
847 1243 970 1279 Pontio,
990 1247 1062 1274 nato
1078 1242 1240 1274 Guillermi
1254 1242 1290 1273 de
1307 1242 1444 1274 Causaco
1457 1242 1577 1280 militis,
1594 1243 1666 1274 cler.
1687 1243 1810 1274 Albien.
1827 1244 1885 1283 di.,
1900 1247 2009 1286 gratia
2026 1257 2122 1289 exsp.
2135 1250 2190 1283 he.

593 1298 661 1330 nef.
681 1297 870 1330 ecclesiast.
894 1297 948 1338 (50
964 1297 986 1327 I.
1004 1298 1028 1328 t.
1045 1305 1073 1328 s.
1091 1298 1133 1336 c.)
1161 1296 1203 1327 ad
1227 1296 1295 1335 ep.i
1323 1296 1548 1327 Bituricensis
1572 1297 1728 1336 disposit.
1755 1299 1968 1337 pertinentis,
1987 1318 2024 1323 —
2039 1302 2078 1332 In
2096 1311 2125 1334 e.
2143 1313 2188 1335 m.

593 1361 670 1393 ep.o
691 1350 946 1386 Montisalhan.,
963 1351 996 1381 et
1012 1358 1116 1390 praep.
1137 1350 1355 1387 Avinionen.,
1377 1359 1414 1380 ac
1430 1349 1600 1381 Galhardo
1618 1350 1658 1381 de
1676 1351 1893 1390 Cardalhaco,
1913 1354 2062 1386 sacristae
2077 1356 2189 1396 Maga-

593 1407 705 1438 lonen.
723 1405 805 1437 eccl.
824 1404 877 1444 (A.
896 1405 949 1441 28,
965 1404 987 1435 f.
1002 1406 1020 1435 9
1038 1408 1066 1441 ⁸;
1086 1403 1122 1435 V.
1141 1405 1194 1441 84,
1212 1412 1264 1443 ep.
1284 1402 1392 1443 2341.)

639 1457 775 1488 27101.
794 1477 832 1482 -
849 1458 968 1490 Joarmi
982 1456 1019 1488 de
1033 1457 1188 1496 Eristorf,
1207 1456 1288 1488 cler.
1306 1456 1540 1488 Constantien.
1556 1456 1615 1493 di.,
1636 1456 1676 1487 de
1691 1457 1869 1497 conjugato
1888 1460 1920 1490 et
1938 1460 2048 1491 soluta
2064 1463 2192 1501 genito,

594 1514 745 1554 dispens,
771 1514 808 1544 ut
832 1512 868 1543 in
892 1510 1086 1543 minoribus
1108 1510 1298 1547 ordinibus,
1317 1518 1403 1550 quos
1425 1518 1485 1549 per
1507 1509 1734 1550 ignorantiam
1751 1511 1911 1551 suscepit,
1936 1513 2144 1553 ministrare,
2163 1518 2194 1548 et

594 1568 636 1599 ad
650 1575 770 1599 omnes
781 1566 854 1598 ord.
867 1565 1064 1606 superiores
1078 1564 1272 1604 promoveri
1286 1572 1324 1595 ac
1339 1563 1540 1595 beneficium
1553 1563 1656 1594 etiam
1671 1572 1700 1594 c.
1716 1572 1743 1594 c.
1761 1563 1912 1596 obtinere
1930 1566 2050 1598 valeat.
2066 1567 2119 1608 (A.
2138 1570 2174 1600 31
2184 1594 2192 1607 ,

594 1622 618 1654 f.
633 1623 695 1653 404
715 1620 744 1659 b;
766 1620 803 1652 V.
819 1621 871 1658 88,
892 1628 946 1659 ep.
964 1619 1071 1658 3455.)

639 1672 778 1705 27102.
796 1691 835 1696 —
852 1672 893 1704 N.
912 1683 941 1704 v.
960 1672 1075 1712 Ottoni,
1096 1671 1271 1712 lantyravio
1288 1675 1316 1701 et
1333 1670 1472 1711 principi
1489 1675 1576 1701 terrae
1590 1669 1723 1709 Hassiae,
1740 1676 1769 1701 et
1784 1681 1815 1702 n.
1834 1682 1873 1703 m.
1889 1672 2034 1714 Alkeydz}
2054 1674 2192 1716 lantqra-

593 1729 660 1768 viae,
681 1729 748 1770 ejus
769 1728 874 1766 uxori,
900 1727 1023 1758 indult.
1042 1727 1078 1758 ut
1100 1725 1275 1757 confessor
1298 1724 1385 1764 ipsis
1403 1723 1509 1755 semel
1527 1726 1659 1755 tantum
1678 1724 1712 1755 in
1732 1724 1852 1756 mortis
1877 1726 2028 1765 periculo
2044 1729 2195 1760 omnium

595 1791 736 1815 suorum
749 1783 964 1823 peccatorum
983 1779 1224 1812 remissionem
1244 1778 1426 1810 concedere
1443 1778 1563 1817 possit.
1581 1778 1636 1818 (A.
1655 1779 1707 1816 31,
1724 1778 1748 1808 f.
1767 1780 1824 1809 421
1844 1778 1871 1816 b;
1897 1779 1929 1811 V.
1946 1781 1996 1818 88,
2016 1789 2067 1821 ep.
2086 1783 2192 1820 3533.)

639 1833 777 1867 27103.
792 1854 830 1859 -
848 1834 941 1866 Eisd.
957 1834 1128 1866 indultum
1143 1832 1289 1864 habendi
1305 1832 1410 1863 altare
1424 1831 1592 1871 portatile.
1611 1831 1662 1871 (A.
1678 1833 1730 1868 31,
1747 1832 1769 1863 f.
1781 1833 1837 1863 421
1852 1832 1881 1869 ¹³,
1901 1832 1933 1865 V.
1950 1834 2002 1869 88,
2016 1842 2069 1874 ep.
2088 1836 2194 1874 3534.)

640 1940 779 1975 27104.
799 1961 836 1966 --
855 1941 1011 1978 Generali,
1028 1945 1056 1972 et
1071 1941 1157 1972 univ.
1168 1939 1327 1981 prioribus
1343 1948 1377 1969 ac
1391 1938 1545 1979 fratribus
1565 1938 1633 1969 ord.
1652 1938 1691 1969 B.
1709 1938 1749 1970 M.
1769 1939 1804 1969 de
1819 1939 1920 1970 Monte
1935 1939 2070 1971 Carmeli
2082 1942 2196 1973 decer-

596 1998 689 2030 nitur
706 1997 795 2038 quod
821 1996 1023 2028 constitutIO
1046 2005 1062 2025 «
1081 1995 1189 2034 Super
1209 1993 1402 2025 cathedram
1425 2002 1453 2030 i),
1473 1992 1508 2023 in
1529 2001 1596 2032 qua
1620 1994 1751 2023 tantum
1770 1993 1810 2023 de
1827 1993 1865 2025 O.
1882 1994 1920 2024 F.
1935 1994 1972 2025 P.
1992 1996 2024 2025 et
2041 1994 2080 2026 Ο.
2094 1995 2132 2026 F.
2147 1996 2194 2027 M.

596 2052 760 2093 quuitur,
789 2050 993 2082 extendatur
1021 2049 1125 2080 etiam
1155 2047 1197 2079 ad
1223 2056 1281 2078 eos
1309 2048 1341 2078 et
1368 2046 1410 2077 ad
1437 2054 1554 2077 eorum
1573 2046 1737 2077 ordinem.
1763 2046 1817 2086 (A.
1843 2047 1893 2083 26,
1922 2046 1945 2077 f.
1963 2048 2023 2078 262
2040 2053 2068 2085 ·;
2095 2048 2124 2079 V.
2143 2050 2195 2087 82,

597 2115 649 2147 ep.
663 2106 750 2144 318.)

643 2157 780 2189 27105.
799 2175 838 2181 —
851 2157 983 2188 Imberto
1001 2156 1038 2188 de
1051 2156 1163 2191 Puteo,
1179 2154 1297 2185 archid.
1317 2153 1500 2194 Linqonen„
1517 2158 1544 2184 el
1565 2152 1740 2184 Gemellino
1757 2152 1794 2183 de
1811 2153 1984 2192 Cassaneis,
2003 2154 2098 2196 Papae
2111 2166 2195 2198 cap„

598 2214 768 2251 Biterren„
783 2222 820 2243 ac
832 2211 945 2243 Ricavo
960 2211 1049 2242 Petri
1065 2209 1102 2241 de
1118 2220 1144 2241 s.
1160 2208 1339 2245 Laurentio,
1356 2207 1500 2238 Parmen.
1522 2217 1589 2237 can.
1606 2206 1695 2243 eccl„
1712 2207 1824 2238 mand.
1839 2217 1899 2247 pro
1912 2208 2101 2248 receptione
2117 2210 2197 2241 Ber·

598 2268 696 2300 nardi
710 2267 751 2299 de
769 2267 971 2306 Seveyraco,
988 2265 1068 2296 cler.
1085 2263 1249 2303 Agathan.
1265 2262 1326 2300 di.,
1345 2262 1381 2292 in
1395 2260 1476 2292 eccl.
1490 2260 1730 2299 Nemausensi,
1744 2260 1783 2292 Ο.
1801 2261 1834 2292 S.
1853 2261 1893 2293 A.
1913 2261 1965 2300 (Α.
1981 2262 2032 2298 26,
2051 2262 2074 2294 f.
2089 2264 2147 2294 291
2165 2263 2196 2300 b;

603 2322 640 2354 V.
655 2323 708 2357 82,
723 2329 776 2361 ep.
795 2321 880 2358 389.)

642 2372 782 2406 27106.
796 2392 835 2397 --
857 2371 1042 2414 Raymunclo
1066 2370 1242 2405 Guillermi,
1261 2369 1387 2401 archid.
1415 2367 1629 2399 Vesalmensi
1652 2368 1687 2398 in
1708 2368 1789 2399 eccl.
1805 2368 2011 2408 Agennensi‚
2027 2369 2198 2402 indultum

599 2431 636 2461 ut
652 2437 761 2469 usque
786 2428 828 2460 ad
843 2426 1029 2459 triennium
1045 2425 1162 2457 audire
1179 2424 1272 2464 leges
1288 2424 1321 2455 et
1343 2423 1455 2462 legere
1473 2422 1594 2452 valeat.
1616 2421 1668 2461 (A.
1684 2422 1736 2457 26,
1756 2422 1777 2452 f.
1791 2422 1850 2452 327
1865 2427 1893 2459 ³3
1914 2421 1949 2453 V.
1967 2423 2018 2460 82,
2038 2431 2090 2463 ep.
2109 2425 2196 2462 294.)

644 2532 782 2566 27107.
803 2551 839 2557 -
857 2533 971 2565 Abbati
992 2537 1019 2563 et
1035 2531 1199 2563 conventui
1216 2534 1346 2561 monast.
1365 2528 1589 2562 cisterciensis,
1614 2526 1795 2558 Cabilonen.
1815 2526 1872 2566 di.,
1890 2527 2034 2559 facultas
2052 2529 2197 2568 ponendi

599 2590 636 2622 in
653 2589 807 2630 prioratu
826 2588 867 2620 de
883 2587 1032 2627 GiIIeyo‚
1058 2586 1097 2618 O.
1118 2586 1152 2618 S.
1169 2585 1222 2622 B..
1237 2583 1382 2615 AEduen.
1408 2582 1468 2620 di.,
1486 2583 1556 2613 tres
1572 2580 1686 2621 presb.
1702 2580 1816 2612 saecul.
1835 2580 1908 2612 loco
1929 2580 2034 2612 trium
2054 2581 2197 2613 fratrum

599 2643 680 2676 dicti
697 2643 783 2680 ord.,
801 2642 860 2682 qui
876 2641 1125 2673 consueverunt
1142 2639 1177 2669 in
1199 2637 1287 2669 dIcto
1310 2636 1463 2677 prioratu
1480 2634 1694 2671 commorari,
1714 2633 1812 2674 juxta
1832 2633 2078 2666 ordinatIonem
2097 2634 2197 2666 Boni-

598 2697 680 2730 facii
698 2697 797 2737 Papae
811 2695 905 2733 VIII,
923 2694 982 2735 qui
998 2693 1098 2725 illum
1119 2701 1138 2724 a
1150 2690 1390 2732 Jurisdictione
1405 2689 1537 2720 abbatis
1557 2690 1589 2719 et
1605 2696 1700 2719 conV.
1720 2686 1919 2718 monasterii
1936 2695 1964 2718 s.
1981 2686 2141 2719 Germani
2156 2687 2196 2719 de

598 2751 713 2783 Pratis
734 2749 917 2787 parisien„
938 2748 981 2779 ad
996 2748 1038 2779 R.
1056 2747 1094 2778 E.
1115 2745 1211 2777 nullo
1235 2744 1347 2776 medio
1371 2743 1509 2783 pertin,
1527 2742 1566 2774 O.
1582 2741 1615 2773 S.
1634 2742 1686 2778 Β.,
1703 2740 1852 2772 totaliter
1867 2739 2034 2777 eximivit,
2050 2741 2120 2771 tam
2136 2749 2196 2780 pro

600 2813 639 2837 eo
657 2804 738 2845 quIa
753 2803 847 2835 istud
870 2802 1016 2834 monast.
1035 2799 1197 2841 gravibus
1212 2798 1404 2830 debitorum
1422 2795 1582 2828 oneribus
1598 2793 1824 2835 premebatur,
1843 2802 1944 2833 quam
1963 2793 2044 2833 quia
2065 2801 2195 2824 monas-

599 2856 726 2890 terium
740 2859 773 2889 et
788 2857 961 2898 prioratus
977 2852 1174 2894 hujusmodi
1190 2851 1288 2884 valde
1306 2851 1348 2882 ad
1362 2849 1508 2881 invicem
1527 2848 1696 2879 distabant
1703 2856 1712 2883 3
1731 2848 1857 2893 attento
1873 2846 1962 2886 quod
1978 2846 2088 2877 dictus
2106 2846 2197 2886 prio-

601 2913 695 2944 ratus
714 2911 812 2943 caetui
834 2908 1051 2942 saecularium
1069 2906 1221 2947 gentium
1240 2905 1375 2936 vicinus
1395 2902 1524 2937 existit,
1549 2902 1663 2941 utpote
1684 2901 1719 2931 in
1745 2899 1857 2931 medio
1881 2899 1971 2931 villae
1987 2899 2027 2930 de
2048 2899 2194 2940 GilIeyo,

602 2965 752 3005 dictique
767 2966 838 2996 tres
851 2961 1008 2995 monaehi
1020 2959 1202 3001 nequeunt,
1217 2959 1313 2998 Juxta
1328 2964 1457 2988 morem
1471 2963 1588 2987 eorum
1601 2953 1743 2990 ordini&
1756 2953 1790 2984 in
1804 2953 1917 2992 quiete
1933 2952 2076 2992 spiritus
2091 2952 2196 2984 libere

602 3018 784 3052 Altissimo
802 3015 973 3048 famulari.
991 3014 1044 3054 (A.
1062 3015 1113 3050 26,
1129 3013 1153 3043 f.
1171 3013 1231 3043 264
1248 3011 1277 3048 b;
1299 3010 1336 3042 V.
1354 3011 1405 3045 82,
1424 3017 1475 3048 ep.
1493 3009 1577 3046 329.)
