2540 3496
0 2331 26 2426 ..θεῖ-,ᾖε
0 1997 21 2318 'is-:wrrfrw-zw*-²·<·<20³
0 1951 3 1954 ’
3 1896 5 1898 -
0 1859 3 1875 Α·

168 434 273 462 Datum
293 427 478 462 Avenione.

153 537 169 564 7
189 537 282 572 (non.)
303 539 385 563 mart.
407 535 497 564 4326.

255 581 286 608 τ.
301 581 395 618 xxiv.

289 696 324 724 L’t
339 705 363 723 s.

211 741 259 770 Gr.
282 749 332 776 pro
352 740 440 769 socio.

539 340 715 372 JOANNlS
738 341 857 372 PAPAE
879 341 981 372 XXII.
1007 342 1256 380 (1316-1334).
1279 357 1317 362 -—
1339 339 1527 370 LITTERAE
1551 339 1778 370 COMMUNES
2119 342 2175 372 121

615 531 753 564 24572.
772 551 810 557 -—
834 534 953 564 loanni
971 543 1042 575 ep.0
1059 533 1249 574 Trajectensi
1268 533 1411 564 facultas
1434 533 1578 564 faciendi
1601 532 1706 572 recipi
1723 541 1826 563 unam
1841 541 1931 572 pers.
1955 533 2123 571 idoneam,
2140 533 2182 564 ab

571 596 611 619 eo
630 587 833 627 eligendam,
854 588 888 618 in
906 597 979 619 can.
996 588 1059 619 sub
1076 597 1171 627 exsp.
1188 587 1289 627 preeb.
1308 587 1387 618 cccl.
1410 596 1480 619 snae
1495 586 1736 626 Trajectensis.
1755 586 1809 626 (A.
1824 587 1874 622 24,
1893 586 1916 618 f.
1932 588 1991 618 461
2012 586 2045 624 ¹²3
2069 586 2104 617 V.
2128 588 2181 625 80,

571 649 624 681 ep.
642 641 729 680 865.)

619 691 756 723 24573.
780 712 820 717 -
842 695 919 725 Aoo.
944 698 1073 726 monast.
1098 705 1121 725 s.
1141 694 1274 725 Aubertc'
1292 693 1503 731 Comei-acen„
1531 698 1561 724 et
1586 693 1705 724 archid.
1735 692 1890 724 Hanoniae
1914 693 2125 731 Cameracen„
2149 703 2185 724 ac

574 758 654 788 may.
672 747 802 779 Nicolao
818 748 855 779 de
872 748 1004 785 Frachs,
1024 747 1085 779 litt.
1108 753 1207 788 apost.
1227 748 1403 783 correctori,
1426 757 1494 778 can.
1518 747 1694 785 Patracen„
1713 747 1825 778 mand.
1842 748 1879 778 ut
1897 756 1986 787 mag.
2002 748 2127 779 Joanni
2144 747 2184 779 de

574 801 740 839 Fumone,
757 802 857 841 Papae
873 801 1005 841 script.,
1023 801 1198 832 conferant
1216 810 1334 832 canon.
1351 803 1383 832 et
1398 801 1500 841 praeb.
1516 801 1597 832 eccl.
1616 801 1786 838 Haltren„
1802 800 2020 832 cameracen.
2035 801 2096 839 di.,
2112 810 2184 833 vac.

574 862 636 894 per
663 855 915 886 assecutionem
942 863 1060 885 canon.
1079 856 1112 885 et
1132 854 1236 893 praeb.
1264 854 1345 885 eccl.
1371 855 1556 894 Lingonen.
1584 843 1780 894 Adinulpho
1802 854 1843 886 de
1863 854 1993 894 Supino
2012 863 2073 895 per
2088 855 2126 887 P.
2146 855 2184 886 P.

576 907 795 944 collatorum
812 916 879 939 non
897 907 984 939 obst.
1004 908 1040 938 in
1054 907 1089 938 S.
1103 908 1148 939 M.
1169 907 1209 938 de
1223 908 1376 938 Fumone
1390 907 1464 939 loco
1480 909 1512 938 et
1527 907 1692 939 beneficio
1708 907 1833 939 modici
1849 908 1989 945 valoris,
2005 909 2038 939 et
2057 917 2084 939 s.
2101 908 2188 940 Gau-

576 961 680 1002 gerici
696 961 913 992 Cameracen.
934 960 1014 992 eccl.
1032 969 1149 992 canon.
1170 962 1203 992 et
1218 960 1335 1001 praeb.,
1356 960 1505 1000 quodam
1521 960 1645 997 benef„
1667 962 1850 1000 personatu
1868 961 1910 992 de
1925 962 2080 993 Turnont
2102 970 2188 993 nun-

577 1015 712 1054 cupato,
727 1013 874 1045 Alatrin.
889 1014 921 1044 et
939 1013 1156 1045 Cameracen.
1174 1013 1234 1047 di.,
1253 1015 1285 1045 et
1298 1013 1407 1052 gratia
1425 1021 1521 1054 exsp.
1541 1012 1653 1044 benef.
1671 1022 1699 1043 s.
1719 1022 1746 1044 c.
1761 1014 1804 1045 ad
1819 1013 1932 1045 collat.
1947 1015 2016 1054 ep.i
2031 1015 2189 1046 Camera-

578 1067 702 1099 censis.
717 1067 772 1108 (A.
793 1068 845 1105 24,
862 1066 885 1098 f.
904 1069 964 1099 463
979 1067 1009 1103 ¹>;
1031 1066 1069 1098 V.
1085 1068 1136 1104 80,
1158 1075 1210 1106 ep.
1227 1067 1313 1103 875.)

624 1117 763 1150 24574.
781 1139 818 1143 -
836 1120 914 1152 Abb.
932 1125 1062 1151 monast.
1080 1121 1115 1151 S.
1131 1120 1174 1151 M.
1191 1119 1229 1150 de
1239 1118 1422 1157 Ardurello,
1439 1119 1579 1151 Cam-en.
1596 1119 1654 1157 di.,
1669 1124 1696 1150 et
1713 1119 1816 1160 priori
1833 1130 1858 1152 s.
1881 1120 1986 1152 Ursini
2003 1121 2190 1161 Bituricen„

579 1184 616 1205 ac
631 1173 765 1215 officiali
781 1174 922 1206 Castren.
940 1174 1055 1206 mand.
1072 1175 1109 1206 ut
1126 1173 1306 1205 absolvant
1321 1173 1421 1213 capit.
1441 1173 1523 1204 eccl.
1539 1173 1706 1210 Castren„
1723 1174 1764 1205 Ο.
1782 1173 1815 1205 S.
1833 1174 1885 1212 Β.,
1901 1174 1943 1205 ab
1961 1183 2101 1213 excom„
2119 1182 2193 1206 sus-

579 1228 758 1268 pensionis
772 1229 805 1259 et
816 1228 992 1259 interdicti
1007 1227 1189 1259 sententiis
1201 1235 1287 1267 quas
1301 1227 1519 1258 incurrerunt
1533 1234 1572 1257 eo
1586 1227 1678 1266 quod
1692 1227 1850 1267 Aycardo
1864 1228 1971 1267 priori
1986 1227 2095 1268 ejusd.
2109 1229 2190 1260 eccl.

579 1283 641 1314 200
661 1281 683 1313 1.
703 1282 742 1319 1.,
761 1282 829 1322 ipsi
846 1283 934 1313 auct.
956 1281 1024 1313 litt.
1043 1282 1151 1321 apost.
1172 1289 1424 1318 concessarum,
1449 1280 1582 1311 solvere
1603 1289 1670 1311 non
1695 1281 1869 1318 curarunt,
1888 1281 2072 1313 dummodo
2090 1281 2195 1314 iidem

580 1335 682 1376 capit.
708 1335 749 1366 de
769 1335 942 1375 praeterito
961 1336 1115 1375 tempore
1134 1334 1224 1367 dicto
1243 1334 1351 1374 priori
1367 1334 1500 1375 integre
1516 1333 1758 1365 satisfecerint.
1778 1335 1829 1372 (Α.
1849 1335 1901 1372 24,
1916 1334 1939 1365 f.
1957 1336 2018 1366 448
2034 1334 2064 1372 ¹²3
2087 1334 2121 1366 V.
2140 1336 2192 1374 80,

581 1398 634 1429 ep.
652 1389 739 1429 880.)

628 1439 765 1472 24575.
783 1460 822 1466 -
839 1443 947 1473 Priori
961 1446 990 1473 et
1012 1452 1097 1473 conv.
1119 1442 1225 1473 domus
1239 1442 1339 1482 sontis
1357 1441 1395 1472 B.
1412 1441 1468 1477 M.,
1490 1440 1664 1473 Careusien.
1688 1441 1770 1479 ord„
1789 1441 1988 1472 Suessionen.
2009 1441 2067 1478 di.,
2082 1451 2101 1473 a
2115 1451 2148 1472 n.
2162 1451 2195 1473 v.

583 1496 718 1535 Carolo,
736 1505 814 1537 rege
830 1497 982 1528 Franciae
1001 1496 1084 1532 filio,
1102 1496 1225 1527 comite
1239 1496 1385 1532 Valesii‚
1404 1495 1564 1530 fundatae,
1586 1495 1713 1535 quibus
1735 1495 1829 1535 Papa
1851 1495 1980 1527 dudum
2003 1495 2148 1527 indulsit
2162 1497 2198 1527 ut

583 1550 687 1591 prior,
706 1551 764 1590 qui
779 1552 872 1582 esset
886 1559 947 1591 pro
966 1551 1131 1590 tempore,
1146 1549 1305 1581 omnibus
1318 1549 1483 1581 iratribus
1496 1549 1605 1589 ejusd.
1622 1549 1744 1580 domus
1762 1549 1870 1580 semel
1886 1550 2017 1581 tantum
2030 1549 2064 1581 in
2077 1549 2199 1581 mortis

585 1604 729 1636 articulo
746 1604 898 1636 omnium
919 1605 1137 1644 peccatorum
1162 1611 1308 1635 suorum<
1327 1603 1567 1634 remissionem
1589 1603 1772 1634 concedere
1794 1605 1924 1643 posset,
1946 1603 2143 1643 indulgetur
2162 1604 2200 1634 ut

585 1667 675 1690 unus
688 1667 731 1690 ex
744 1658 875 1690 eisdem
893 1657 1058 1689 fratribus
1074 1666 1093 1689 a
1110 1657 1199 1688 dicto
1214 1657 1328 1696 priore
1344 1657 1521 1696 eligendus
1537 1656 1605 1695 ipsi
1624 1656 1731 1695 priori
1748 1656 1910 1688 similiter
1924 1657 1959 1687 in
1975 1657 2098 1688 mortis
2119 1657 2197 1687 arti-

586 1712 662 1743 culo
686 1711 824 1752 plenam
851 1711 1093 1743 remissionem
1119 1712 1336 1751 peccatorum
1366 1710 1548 1741 concedere
1574 1710 1698 1741 valeat.
1727 1710 1780 1748 (Α.
1808 1711 1860 1748 24,
1887 1709 1910 1741 f.
1938 1711 1999 1742 460
2021 1710 2051 1747 ι’;
2085 1710 2120 1741 V.
2149 1711 2201 1748 80,

586 1774 640 1806 ep.
660 1766 746 1804 896.)

632 1816 770 1849 24576.
791 1837 829 1841 -
852 1817 1038 1859 Ysabellide
1056 1818 1205 1849 Atrebato
1224 1818 1324 1849 sorori
1340 1822 1469 1849 monast.
1488 1827 1510 1848 ε.
1535 1816 1684 1848 Ludovici
1700 1817 1737 1848 de
1752 1817 1887 1854 Pisiaco,
1905 1817 2073 1849 Carnoten.
2091 1817 2147 1853 di.,
2167 1818 2202 1848 in

588 1882 655 1914 quo
670 1881 806 1904 sorores
831 1873 896 1903 sub
915 1881 995 1904 cura
1011 1874 1044 1904 et
1062 1872 1249 1904 secundum
1268 1872 1427 1903 instituta
1450 1871 1592 1902 fratrum
1611 1872 1650 1903 Ο.
1668 1872 1706 1902 P.
1727 1872 1891 1909 existunt,
1911 1871 2034 1903 indult.
2053 1873 2102 1908 ut,
2121 1879 2204 1911 quo-

588 1927 655 1959 ties
673 1929 770 1958 extra
787 1926 1004 1958 refectorium
1020 1927 1166 1958 monast.
1185 1926 1239 1957 sui
1256 1926 1432 1957 comedere
1451 1926 1562 1965 ipsam
1582 1925 1763 1965 continget,
1782 1925 1891 1965 possit
1907 1925 1943 1956 in
1959 1934 2079 1957 mensa
2094 1925 2202 1965 loqui,

589 1983 623 2013 et
648 1981 824 2013 sororibus
852 1980 933 2011 dicti
965 1981 1114 2012 monast.
1137 1981 1217 2011 tunc
1241 1988 1358 2011 secum
1382 1978 1641 2010 comedentibus
1664 1978 1839 2010 licentiam
1864 1979 2027 2018 loquendi
2046 1979 2203 2019 elargiri;

591 2034 869 2075 supplicantibus
886 2034 1018 2065 Joanna
1033 2034 1076 2065 R.
1097 2034 1136 2065 F.
1158 2035 1191 2065 et
1216 2033 1273 2070 N.,
1296 2042 1334 2064 ac
1359 2042 1392 2065 n.
1413 2041 1445 2063 v.
1474 2031 1623 2064 Roberto
1641 2033 1681 2063 de
1702 2032 1876 2064 Atrebato.
1902 2034 1953 2071 (Α.
1979 2033 2031 2070 24,
2050 2033 2072 2063 s.
2096 2034 2156 2064 465
2174 2032 2203 2069 b;

597 2089 633 2120 V.
649 2090 701 2126 80,
721 2097 773 2127 ep.
791 2089 878 2128 912.)

637 2139 776 2172 24577.
797 2160 835 2165 -—
861 2140 993 2172 Ysabelli
1012 2140 1049 2171 de
1073 2140 1202 2177 ναῖε-ςέο,
1219 2141 1321 2171 sorori
1340 2140 1467 2181 praefati
1489 2144 1634 2177 monast.,
1653 2139 1776 2171 induli.
1801 2139 1927 2176 simile,
1949 2139 2096 2180 supplic.
2119 2148 2152 2170 n.
2173 2148 2205 2170 v.

592 2196 752 2236 Philippo
770 2196 811 2227 de
829 2195 981 2231 Valesio‚
1000 2195 1122 2226 comite
1136 2194 1281 2230 Valesii,
1300 2202 1462 2234 germano
1478 2193 1565 2234 ejus.
1584 2194 1637 2234 (A.
1657 2195 1708 2231 24,
1725 2194 1749 2224 f.
1763 2195 1823 2225 465
1838 2193 1867 2229 ¹¹3
1888 2193 1924 2224 V.
1943 2194 1995 2231 80,
2012 2201 2065 2233 ep.
2079 2193 2167 2233 913.)

638 2247 776 2279 24578.
800 2267 838 2271 -
857 2249 1027 2289 Archiep.o
1056 2247 1207 2288 Capuano
1225 2252 1254 2278 et
1274 2257 1344 2289 ep.o
1365 2247 1527 2279 Casei-tan.
1557 2248 1670 2279 mand.
1696 2249 1733 2278 ut
1754 2256 1773 2278 a
1799 2247 1993 2279 Raimundo
2018 2247 2206 2286 Aversano,

594 2304 675 2336 olim
695 2303 850 2334 Theatin.
871 2311 958 2342 ep.o,
976 2302 1152 2333 fidelitatis
1166 2302 1400 2341 juramentum
1419 2301 1596 2341 recipiant.
1615 2301 1668 2340 (Α.
1687 2302 1738 2338 24,
1758 2301 1780 2332 f.
1799 2302 1860 2332 468
1874 2305 1903 2338 ⁸;
1925 2300 1961 2332 V.
1981 2302 2033 2337 80,
2050 2309 2102 2340 ep.
2122 2300 2210 2340 931.)

639 2354 778 2388 24579.
794 2373 831 2379 -
842 2355 963 2386 Decano
977 2355 1050 2386 eccl.
1066 2355 1291 2386 Lincolniensis
1305 2355 1416 2386 mand.
1434 2356 1470 2386 ut
1486 2354 1668 2393 compellat
1684 2354 1887 2394 priorissam
1900 2355 1932 2386 et
1947 2363 2043 2386 conv.
2061 2355 2209 2385 monast.

595 2412 636 2443 de
651 2410 886 2445 Lekebourne,
903 2418 963 2449 per
980 2409 1183 2449 priorissam
1200 2409 1292 2440 soliti
1309 2409 1403 2449 gub„
1420 2409 1460 2440 O.
1477 2408 1511 2439 S.
1526 2409 1577 2443 Β.,
1594 2408 1807 2439 Lincolnien.
1826 2408 1886 2445 di.,
1906 2408 1947 2439 ad
1962 2408 2210 2448 providendum

596 2464 746 2498 Roberto
764 2465 804 2495 de
822 2464 968 2504 Gayton,
986 2462 1099 2503 presb.
1119 2462 1227 2502 ejusd.
1256 2463 1317 2500 di.,
1340 2463 1398 2502 qui
1416 2463 1458 2493 ad
1474 2462 1773 2502 praesentationem
1794 2462 1947 2501 ipsarum
1971 2462 2007 2493 in
2033 2461 2212 2493 subdiaco—

597 2528 689 2556 num,
706 2518 792 2549 diac.
810 2518 844 2549 et
860 2516 974 2557 presb.
994 2516 1058 2548 fuit
1075 2516 1263 2550 ordinatus,
1282 2518 1314 2548 et
1331 2516 1489 2556 quamvis
1509 2516 1604 2555 Papa
1624 2516 1709 2546 eisd.
1726 2516 1901 2556 priorissae
1919 2517 1953 2547 et
1969 2524 2065 2547 conv.
2083 2515 2213 2546 similia

597 2573 757 2605 mandata
774 2571 950 2608 direxerit,
969 2571 1051 2610 ipsae
1067 2572 1180 2601 tamen
1200 2570 1360 2601 mandata
1376 2569 1574 2609 huJusmodi
1593 2569 1782 2610 adimplere
1806 2578 1873 2600 non
1893 2570 2065 2601 curarunt.
2089 2569 2140 2608 (A.
2160 2570 2210 2606 24,

599 2627 622 2658 t'.
638 2627 695 2657 481
712 2626 742 2662 ¹³3
766 2624 800 2656 V.
813 2626 865 2662 80,
880 2633 933 2665 ep.
949 2625 1035 2664 845.)

645 2676 782 2709 24580.
801 2697 839 2701 -
856 2678 1020 2709 Priorissae
1045 2682 1072 2708 et
1098 2687 1185 2709 conv.
1211 2676 1370 2718 praedictis
1394 2677 1508 2708 mand.
1532 2679 1569 2708 ut
1596 2677 1719 2708 saltem
1745 2685 1834 2707 nunc
1858 2676 2058 2716 provideant
2074 2675 2213 2716 praefato

600 2733 761 2766 Roberto.
779 2733 834 2773 (A.
853 2734 903 2767 24,
920 2731 943 2763 f.
961 2733 1021 2763 486
1035 2737 1062 2769 ³3
1084 2731 1117 2762 V.
1135 2733 1186 2769 80,
1206 2740 1259 2771 ep.
1276 2732 1362 2767 948.)

645 2784 782 2816 24581.
799 2805 837 2810 -
855 2786 940 2827 Epo
955 2785 1148 2822 Atrebatem,
1165 2789 1192 2815 et
1212 2785 1280 2815 abb.
1301 2790 1431 2815 monast.
1449 2795 1474 2816 s.
1496 2783 1641 2815 Germani
1656 2783 1691 2815 de
1706 2784 1813 2814 pratis
1827 2783 1924 2824 juxta
1944 2782 2095 2819 parisius,
2111 2792 2146 2812 ac
2163 2782 2214 2813 de-

602 2851 679 2871 cano
700 2840 774 2871 eccl.
793 2839 979 2870 Parisiensis
1003 2839 1104 2870 facul.
1130 2839 1275 2870 faciendi
1295 2839 1400 2878 recipi
1419 2839 1490 2869 tres
1511 2847 1602 2878 pers.
1621 2847 1640 2869 a
1657 2847 1689 2868 n.
1707 2847 1739 2868 v.
1760 2837 1911 2869 Roberto
1930 2837 1971 2867 de
1986 2836 2214 2870 Atrebatesio,

604 2894 726 2926 comite
751 2894 979 2928 Bellimontis‚
999 2893 1225 2924 nominandas
1243 2893 1277 2923 in
1300 2892 1412 2923 tribus
1436 2893 1583 2923 monast.
1604 2892 1699 2931 regni
1717 2890 1881 2927 Franciae,
1900 2898 1975 2929 quae
1992 2889 2082 2921 idem
2102 2898 2216 2920 comes

604 2948 764 2979 similiter
783 2947 1023 2984 nominaverit,
1040 2956 1067 2977 s.
1092 2946 1252 2986 Dionysii
1277 2946 1446 2976 Parisien.
1472 2945 1531 2982 di.,
1552 2954 1579 2975 s.
1595 2944 1759 2976 Germani
1777 2944 1817 2974 de
1832 2943 1960 2980 Pratis,
1981 2944 2012 2973 et
2033 2951 2062 2973 s.
2077 2942 2217 2974 Martini

604 3001 645 3032 de
658 3001 797 3040 Campis
822 3000 990 3031 Parisien.
1007 2999 1226 3031 monasteriis
1244 3000 1422 3030 dumtaxat
1441 2999 1606 3038 exceptis.
1622 2998 1675 3037 (A.
1694 2999 1746 3033 24,
1767 2997 1788 3027 f.
1805 2998 1864 3028 495
1883 3001 1911 3033 ’ς
1940 2995 1970 3028 V.
1988 2997 2039 3034 80,
2059 3004 2113 3036 ep.
2130 2997 2218 3036 959.)

314 3095 461 3123 JOANNlS
481 3096 566 3124 xxn.
586 3109 621 3116 -—
637 3094 670 3121 Τ.
691 3093 739 3120 Vi.
2041 3089 2076 3118 16
