2540 3496
291 338 349 369 192

321 429 424 456 Datum
443 421 627 456 Avcnione.

362 530 399 558 46
415 530 483 559 maii
503 528 587 556 1326.

357 580 431 608 (xvn
450 573 507 601 kal.
523 571 595 608 jun.)

381 619 412 647 T.
431 619 476 650 XI,
496 617 566 644 xlll.

437 689 471 716 Ut
489 697 511 715 s.

332 735 362 763 τ.
381 734 414 761 x¹
432 734 478 768 ¹12.
493 732 550 760 xm
571 733 615 766 ιχ..

431 1116 468 1145 Ut
486 1124 509 1143 s.

367 1162 398 1190 T.
418 1162 476 1196 XV,
491 1160 574 1188 xvn.

433 1491 468 1519 Ut
487 1500 510 1519 s.

379 1537 410 1564 T.
427 1537 474 1570 xl,
491 1536 563 1564 XIII.

432 1705 468 1733 Ut
488 1714 511 1732 s.

435 1973 471 2002 Ut
492 1982 515 2000 s.

335 2018 366 2046 Τ.
387 2019 460 2053 xm,
475 2018 522 2045 xv
530 2024 538 2051 ;
558 2018 607 2046 Gr.

431 2243 466 2270 Ut
487 2251 510 2270 s.

357 2565 392 2592 17
411 2565 479 2592 maii
501 2563 589 2592 1326.

354 2609 421 2646 (xV1
439 2608 498 2636 kal.
513 2608 590 2645 jun.)

327 2654 358 2683 r.
374 2654 411 2682 xl
429 2655 472 2688 ¹l2‚
490 2654 551 2681 xm
570 2653 615 2687 ψ..

435 2884 469 2912 Ut
488 2893 511 2912 s.

377 2928 408 2955 T.
424 2929 471 2963 XI,
492 2929 566 2957 XIII.

690 327 863 360 JOANNIS
888 325 1006 357 PAPAE
1030 324 1131 355 XXII.
1156 324 1407 361 (1316-1334).
1430 338 1469 343 -
1493 318 1680 349 LITTERAE
1704 317 1930 349 COMMUNES

765 518 893 551 25319
912 518 974 548 bis.
996 536 1035 541 —-
1057 516 1182 547 Danieli
1205 521 1277 546 nato
1302 515 1424 546 Ber-tini
1446 514 1483 546 de
1506 514 1659 545 Provanis
1679 514 1716 544 de
1743 513 1900 545 Carniano
1918 513 2046 545 similis
2067 513 2178 554 gratia
2197 513 2233 545 in
2249 512 2330 544 eccl.

718 574 920 606 Sedunensi.
935 590 972 595 —-
990 572 1015 603 I.
1034 580 1063 602 e.
1081 580 1126 602 m.
1151 579 1226 610 ep.o
1243 569 1443 606 Taurinen.‚
1460 570 1492 600 et
1514 577 1542 599 s.
1563 567 1742 600 Michaelis
1758 568 1799 599 de
1815 567 1931 604 Clusa,
1952 575 2002 599 ac.
2021 575 2049 598 s.
2069 566 2225 599 Mauritii
2246 567 2331 607 Aga-

719 637 810 664 uen„
825 626 1010 658 Taurinen.
1030 627 1063 656 et
1081 624 1252 655 Sedunen.
1272 623 1333 658 di.,
1351 624 1497 654 monast.
1516 621 1710 654 abbatibus.
1723 621 1778 662 (A.
1799 623 1850 659 24,
1870 621 1893 652 f.
1912 622 1972 653 728
1987 620 2018 660 ¹’;
2043 619 2077 652 V.
2092 621 2144 656 81,
2159 629 2211 660 ep.
2228 621 2332 658 1585.)

763 677 900 710 25320.
918 696 956 702 -
971 678 1089 710 loanni
1104 677 1273 708 Piscator-is
1297 685 1393 717 prov.
1412 685 1530 708 canon.
1553 675 1617 707 sub
1636 684 1732 716 exsp.
1758 674 1876 715 praeb.,
1899 683 1975 715 quae
1991 683 2019 706 s.
2039 674 2185 706 Materni
2206 682 2333 705 nuncu-

717 736 851 774 pantur,
873 734 906 764 et
924 733 958 763 in
974 732 1055 763 eccl.
1075 731 1250 764 Leodien.,
1270 731 1392 770 praeter
1407 739 1526 761 canon.
1545 732 1578 761 et
1599 729 1702 770 praeb.
1724 728 1898 760 canonicis
1923 728 2035 768 ipsius
2057 727 2138 759 eccl.
2163 727 2333 768 assignari

717 788 890 823 consueta,
906 786 1059 817 existunt
1073 787 1106 816 et
1120 784 1256 816 clericis
1273 784 1387 815 saecul.
1405 784 1508 815 solita
1522 785 1602 815 sunt
1616 782 1786 823 assignari
1795 792 1804 819 ;
1823 791 1900 814 cum
1915 781 2123 822 obligatione
2138 781 2333 813 dimittendi

716 850 809 881 perp.
828 840 991 871 vicariam
1010 848 1038 870 c.
1064 848 1091 870 c.
1110 838 1190 870 eccl.
1213 847 1239 869 s,
1262 838 1475 878 Margaretae,
1491 839 1525 869 et
1552 837 1736 877 quamdam
1757 836 1924 876 capellam
1952 844 1979 867 s.
2004 835 2144 876 Agathae
2168 834 2272 866 sitam
2298 835 2333 865 in
2366 845 2369 848 >

715 893 878 934 hospitali
891 901 1081 934 pauperum
1102 901 1129 923 s.
1148 892 1349 932 Margaretae
1368 891 1464 932 juxta
1489 890 1668 929 Leodium,
1694 890 1790 931 cujus
1807 889 1992 930 hospitalis
2007 889 2166 929 provisor
2191 896 2251 919 seu
2268 896 2334 920 rec-

715 950 768 979 tor
786 956 880 987 perp.
898 946 1028 984 existit,
1048 955 1086 978 ac
1105 946 1275 986 quoddam
1295 946 1403 977 altare
1422 954 1449 976 s.
1471 945 1576 985 Eligii
1593 945 1698 976 situm
1718 944 1752 975 in
1768 943 1849 975 eccl.
1873 952 1900 975 s.
1922 942 2043 975 Crucis
2063 942 2275 974 Leodiensis.
2294 959 2333 964 —

715 1002 741 1032 Ι.
764 1010 792 1032 e.
816 1010 861 1032 m.
886 1000 964 1032 abb.
983 1001 1128 1031 monast.
1143 999 1379 1037 Bellireditus‚
1401 1000 1434 1030 et
1451 999 1578 1030 decano
1595 1007 1622 1029 s.
1642 998 1763 1030 Crucis
1783 997 1961 1034 Leodien.,
1987 1005 2029 1031 ac,
2042 1004 2132 1036 mag.
2152 995 2278 1027 Jacobo
2293 996 2335 1027 de

714 1055 857 1090 Mutina,
874 1055 975 1094 Papae
990 1063 1076 1094 cap.,
1095 1062 1168 1085 can.
1186 1053 1405 1085 Cameracen.
1423 1052 1658 1084 ecclesiarum.
1675 1052 1728 1092 (A.
1742 1053 1794 1086 25.
1813 1051 1838 1083 f.
1855 1051 1894 1082 78
1905 1050 1936 1088 ¹³3
1961 1050 1998 1082 V.
2011 1051 2063 1087 81,
2080 1058 2133 1090 ep.
2153 1049 2259 1090 1677.)

759 1105 899 1138 25321.
917 1125 955 1131 --
971 1107 1128 1138 Ademaro
1145 1106 1183 1138 de
1205 1105 1308 1145 Volta,
1334 1106 1436 1147 Papae
1454 1115 1541 1147 cap„
1561 1105 1700 1137 collatio
1717 1114 1849 1142 canon„
1870 1105 1974 1145 praeb.
1992 1105 2026 1136 et
2047 1103 2228 1135 archidiac.
2250 1102 2331 1134 eccl.

715 1162 923 1200 Atrebatem,
940 1162 1180 1193 vacaturorum
1195 1169 1256 1201 per
1269 1162 1455 1193 consecrat.
1471 1159 1634 1192 Anibaldi
1650 1159 1693 1191 el.
1714 1159 1931 1200 Neapolitani
1941 1167 1951 1196 ;
1966 1167 2034 1190 nou
2053 1157 2140 1190 obst.
2160 1157 2196 1188 in
2209 1157 2333 1197 Apten.

714 1216 939 1257 praepositura
950 1224 1025 1256 quae
1042 1215 1134 1256 dign.
1149 1223 1177 1246 s.
1196 1223 1224 1246 c.
1240 1214 1369 1254 existit,
1390 1216 1423 1246 et
1436 1214 1471 1245 in
1491 1213 1709 1245 Ebredunen.
1728 1220 1847 1244 canon.
1862 1214 1895 1244 et
1906 1212 2022 1252 praeb.,
2041 1220 2079 1243 ac
2094 1211 2130 1243 in
2142 1211 2332 1247 Vivarien.,

715 1271 748 1301 in
765 1279 832 1310 qua
849 1270 963 1301 certus
983 1278 1056 1300 can.
1075 1277 1239 1300 numerus
1256 1270 1290 1300 et
1310 1268 1414 1308 praeb.
1433 1267 1610 1299 distinctio
1632 1276 1699 1299 non
1719 1267 1898 1304 habentur,
1916 1266 1997 1298 eccl.
2017 1265 2236 1302 canonicatu3
2255 1272 2334 1296 cum

714 1324 867 1363 dispens.
884 1325 920 1354 ut
937 1322 1118 1354 archidiac.
1136 1322 1348 1362 praedictum,
1365 1321 1504 1353 etiamsi
1518 1330 1547 1353 c.
1561 1330 1588 1352 c.
1609 1321 1667 1358 sit,
1679 1321 1831 1361 recipere
1849 1322 1883 1352 et
1898 1328 2054 1351 unacum
2069 1319 2161 1350 dicta
2173 1318 2334 1359 praeposi-

714 1380 791 1409 tura
802 1377 950 1408 retinere
966 1376 1089 1408 valeat.
1108 1394 1147 1399 —
1164 1376 1192 1407 I.
1209 1385 1239 1407 e.
1257 1384 1302 1407 m.
1321 1374 1437 1406 abbati
1454 1376 1602 1407 monast.
1620 1383 1648 1406 s.
1666 1375 1808 1407 Vedasti
1826 1373 2039 1410 Atrebaten„
2058 1374 2091 1405 et
2103 1372 2276 1404 valentin.
2296 1380 2334 1404 ac

714 1432 898 1463 Benascen.
920 1431 1068 1462 Ilerden.
1086 1429 1262 1462 archid.is.
1279 1429 1333 1470 (A.
1349 1430 1403 1467 25,
1420 1429 1444 1461 f.
1466 1430 1524 1461 124
1541 1434 1571 1465 ⁸5
1594 1427 1625 1460 V.
1644 1430 1696 1466 81,
1716 1437 1769 1469 ep.
1785 1427 1893 1467 1792.)

762 1482 887 1514 25322
917 1503 955 1507 -
983 1484 1144 1514 Lamberto
1166 1483 1202 1514 de
1222 1482 1404 1519 Monovilla,
1428 1483 1551 1515 rectori
1580 1482 1716 1523 paroch.
1745 1482 1825 1514 eccl.
1856 1482 1897 1514 de
1921 1482 2086 1522 Cosseyo,
2113 1480 2249 1512 Tullen.
2273 1479 2333 1518 di.,

717 1540 768 1576 (15
786 1539 809 1570 I.
826 1538 878 1578 t.),
900 1547 997 1578 prov.
1018 1546 1136 1569 canon.
1162 1537 1226 1568 sub
1247 1546 1345 1577 exsp.
1367 1536 1473 1577 praeb.
1493 1536 1574 1568 eccl.
1599 1537 1638 1568 B.
1662 1537 1708 1568 M.
1724 1536 1914 1576 Vix-dunen.
1933 1552 1972 1557 —
1995 1535 2024 1567 Ι.
2045 1544 2073 1566 e.
2099 1543 2143 1566 m.
2173 1543 2250 1574 ep.o
2271 1533 2333 1565 Pa-

715 1594 839 1627 (13330,
867 1594 900 1623 et
927 1593 1053 1623 decano
1078 1592 1281 1627 virdunen..
1311 1600 1348 1622 ac
1377 1591 1523 1622 Colardo
1546 1591 1588 1622 de
1611 1590 1771 1625 Noviant‚
1796 1599 1869 1621 can.
1893 1588 2068 1621 Tullensis
2092 1588 2174 1620 eccl.
2205 1588 2259 1628 (A.
2282 1588 2333 1624 25.

716 1647 738 1678 f.
759 1648 814 1678 151
833 1651 860 1682 “;
883 1645 915 1676 V.
932 1647 984 1681 81,
1001 1654 1054 1685 ep.
1072 1647 1178 1682 1845.)

762 1698 898 1730 25323.
917 1718 956 1723 -
974 1699 1152 1731 Bertrando
1172 1699 1208 1730 de
1231 1698 1392 1737 Narcesio,
1411 1699 1538 1730 decano
1562 1699 1747 1730 decanatus
1774 1698 1815 1729 de
1838 1698 1945 1738 Gaya‚
1967 1696 2120 1729 Cluniae.
2145 1695 2232 1732 ord.,
2254 1695 2333 1727 Tre-

715 1755 828 1785 censis
844 1755 903 1793 di.,
920 1754 1091 1785 absolutio
1105 1753 1146 1784 ab
1158 1761 1303 1790 excom„
1319 1753 1493 1784 interdicti
1509 1754 1542 1783 et
1560 1753 1800 1792 suspensionis
1813 1750 1994 1783 sententiis
2006 1751 2178 1791 etiamque
2194 1748 2236 1781 ab
2251 1749 2333 1780 irre-

715 1809 896 1848 gularitate
912 1807 1096 1839 contractis
1115 1816 1154 1839 eo
1174 1807 1264 1847 quod
1290 1808 1401 1838 certas
1429 1808 1611 1847 pensiones
1634 1808 1667 1838 et
1683 1814 1808 1838 census
1833 1814 1967 1837 annuos
1988 1813 2076 1845 quos
2102 1803 2234 1836 ratione
2251 1803 2333 1834 dicti

714 1863 899 1893 decanatus
915 1861 991 1893 abb.
1017 1863 1050 1892 et
1074 1861 1257 1892 conventui
1277 1863 1423 1892 monast.
1444 1861 1656 1898 Cluniacen„
1684 1860 1908 1892 Matisconen.
1927 1859 1987 1895 di.,
2011 1858 2151 1890 statutis
2175 1857 2334 1889 terminis
2374 1855 2376 1857 ’

712 1917 782 1956 jam
799 1916 941 1956 elapsis,
956 1924 1024 1947 non
1043 1915 1158 1946 solvit.
1178 1915 1231 1954 (V.
1250 1916 1302 1952 81,
1321 1923 1374 1954 ep.
1394 1915 1503 1955 2080.)

760 1967 898 2000 25324.
920 1988 957 1992 -
974 1969 1058 2010 May.
1075 1968 1194 2000 loanni
1220 1969 1256 1999 de
1275 1967 1461 2010 columpna,
1493 1967 1618 1999 archid.
1639 1967 1830 2004 vival-iem,
1853 1967 1954 2007 Papae
1971 1966 2057 2003 not„
2083 1965 2221 1997 collatio
2239 1965 2335 1997 motu

715 2024 853 2064 proprio
865 2032 999 2060 canon„
1015 2022 1118 2063 praeb.
1131 2025 1164 2054 et
1180 2022 1361 2054 archidiac.
1380 2022 1519 2054 Belnen.
1539 2022 1573 2052 in
1594 2022 1675 2053 eccl.
1691 2021 1868 2059 AEduensi,
1885 2021 2127 2052 vacaturorum
2141 2027 2203 2060 per
2217 2026 2334 2051 conse-

715 2081 796 2109 crat.
814 2077 976 2109 Anibaldi
991 2077 1090 2108 electi
1109 2077 1346 2117 Neapolitani;
1365 2085 1442 2107 cum
1466 2076 1619 2116 dispens.
1639 2084 1742 2115 super
1765 2075 1889 2115 plural.
1905 2073 2017 2106 benef.
2033 2091 2073 2097 —
2090 2073 2116 2105 Ι.
2139 2082 2169 2105 e.
2189 2081 2237 2104 m.
2255 2072 2332 2105 abb.

716 2133 859 2163 monast.
882 2140 910 2162 S.
928 2131 1105 2162 Laurentii
1121 2133 1217 2162 extra
1235 2139 1353 2162 muros
1371 2130 1486 2166 Urbis,
1505 2132 1538 2161 et
1553 2130 1680 2161 decano
1696 2129 1851 2167 Belnen.,
1867 2129 1913 2160 di.
1932 2128 2092 2164 AEduen.,
2110 2136 2148 2159 ac
2164 2127 2334 2159 Homodei

715 2187 755 2217 de
773 2186 973 2225 Papazuris‚
993 2194 1064 2217 can.
1083 2185 1326 2216 Lateranensis
1342 2185 1422 2215 eccl.
1441 2185 1493 2225 (A.
1511 2186 1563 2222 25,
1577 2184 1600 2215 f.
1617 2185 1677 2215 245
1694 2183 1719 2221 ¹23
1741 2183 1777 2214 V.
1791 2184 1844 2220 81,
1863 2191 1916 2223 ep.
1935 2182 2042 2221 2104.)

760 2237 901 2269 25325.
919 2258 957 2262 -
975 2239 1129 2270 Ministris
1142 2238 1391 2280 provincialibus
1408 2243 1435 2268 et
1452 2237 1628 2268 custodibus
1646 2237 1680 2268 Ο.
1708 2237 1743 2268 F.
1768 2237 1811 2268 M.
1836 2237 1870 2267 in
1891 2236 2062 2278 provinciis
2077 2234 2284 2267 Mediolanen.
2306 2239 2334 2266 et

717 2294 833 2324 Tuscia
854 2293 999 2324 facultas
1018 2292 1218 2324 absolvendi
1239 2292 1395 2332 singulos
1414 2292 1537 2323 fratres
1556 2291 1638 2323 dicti
1656 2291 1742 2329 ord.,
1765 2291 1799 2322 in
1817 2299 1936 2322 eorum
1953 2289 2130 2330 provincia
2146 2298 2208 2320 seu
2221 2290 2334 2321 custo-

714 2347 770 2378 dia
788 2347 1007 2384 constitutos,
1026 2347 1085 2387 qui
1100 2348 1218 2378 contra
1239 2346 1459 2377 interdictum
1479 2354 1539 2377 seu
1559 2345 1826 2385 prohibitionem
1839 2344 1874 2376 S.
1892 2344 1934 2376 A.
1952 2343 1988 2375 in
2004 2342 2179 2383 aliquibus
2192 2343 2285 2374 civit.
2301 2343 2335 2374 et

714 2401 818 2432 terris
844 2401 1042 2432 earumdem
1060 2400 1314 2440 provinciarum
1344 2400 1461 2430 divina
1486 2399 1541 2430 off.
1567 2398 1793 2436 celebrarunt,
1822 2398 1876 2429 vel
1905 2406 1983 2429 cum
2005 2396 2194 2428 rebellibus
2220 2397 2260 2428 E.
2290 2396 2331 2428 R.

715 2455 1021 2486 communicarunt.
1044 2454 1096 2492 (A.
1121 2455 1172 2490 25,
1193 2454 1215 2484 f.
1235 2454 1295 2484 426
1320 2459 1349 2490 ³;
1383 2453 1419 2485 V.
1438 2454 1488 2489 81,
1512 2462 1564 2492 ep.
1595 2454 1696 2488 2454,
1719 2451 1841 2489 Eubel,
1874 2450 2050 2482 Bullarium
2076 2450 2332 2488 Franciscanum,
2357 2453 2360 2456 ’

713 2510 738 2539 t.
755 2509 798 2546 V,
817 2517 848 2547 p.
867 2510 938 2546 300,
957 2517 989 2539 n.
1009 2508 1097 2548 609.)

760 2559 898 2591 25326.
914 2581 950 2585 -
973 2561 1135 2594 Guillelmo
1151 2561 1188 2592 cle
1204 2560 1322 2602 Faqeto
1338 2570 1433 2601 prov.
1451 2569 1571 2592 canon.
1585 2559 1649 2591 sub
1667 2568 1764 2600 exsp.
1782 2558 1886 2599 praeb.
1903 2559 1986 2591 eccl.
2007 2567 2035 2590 s.
2054 2558 2150 2590 Petri
2163 2557 2332 2595 Ariensis‚

714 2615 882 2647 Morinen.
901 2616 948 2646 di.
956 2626 964 2652 ;
986 2624 1052 2646 non
1071 2615 1159 2647 obst.
1179 2615 1215 2646 in
1237 2615 1423 2647 Condeten.
1442 2623 1537 2654 perp.
1554 2613 1676 2654 capell.
1694 2615 1727 2645 et
1743 2613 1778 2644 in
1794 2622 1822 2644 s.
1838 2612 1995 2650 Quintini
2013 2611 2218 2644 Melbodien.
2234 2611 2330 2650 eccl.,

715 2670 933 2700 Cameracen.
953 2670 1013 2704 di..
1029 2678 1148 2700 canon.
1167 2668 1232 2700 sub
1250 2677 1346 2708 exsp.
1366 2668 1470 2708 praeb.
1497 2668 1538 2699 de
1554 2676 1622 2708 qua
1641 2667 1677 2698 in
1694 2667 1851 2699 Romana
1873 2666 1969 2698 curia
1983 2666 2108 2707 litigat.
2132 2683 2172 2689 —
2187 2665 2215 2696 1.
2235 2674 2264 2697 e.
2284 2674 2330 2696 m.

717 2731 744 2753 s.
761 2723 906 2754 Joannis
924 2723 964 2754 de
979 2722 1186 2755 Valencenis
1197 2723 1231 2754 et
1246 2731 1275 2754 s.
1290 2722 1431 2754 Joannis
1447 2722 1483 2752 in
1499 2722 1624 2761 Monte,
1642 2721 1859 2752 Cameracen.
1877 2722 1910 2751 et
1921 2720 2090 2752 Morinen.
2105 2719 2165 2759 di.,
2183 2721 2330 2750 monast.

717 2775 910 2812 abbatibus,
929 2786 967 2808 ac
985 2785 1073 2817 mag.
1093 2776 1236 2808 Nicolao
1252 2775 1293 2807 de
1308 2776 1454 2814 Fractis‚
1473 2784 1546 2807 can.
1566 2775 1757 2812 Patmcen„
1778 2774 1845 2806 litt.
1864 2775 1974 2814 apost.
1995 2773 2190 2805 correctori.
2207 2772 2263 2814 (A.
2279 2773 2330 2810 24,

716 2829 739 2860 f.
759 2831 818 2861 703
835 2835 863 2866 ²3
889 2829 921 2860 V.
935 2831 988 2867 81,
1003 2839 1055 2870 ep.
1077 2831 1184 2869 1500.)

758 2880 896 2912 25327.
914 2902 952 2906 -
966 2883 1110 2915 Arnaldo
1129 2883 1218 2915 Calir
1232 2883 1269 2914 de
1281 2894 1305 2914 s.
1327 2882 1485 2920 Gerontio,
1503 2883 1626 2914 clerico
1645 2883 1874 2913 Conseranen.
1893 2881 1954 2918 di.,
1975 2881 2085 2922 gratia
2101 2888 2197 2920 exsp.
2218 2879 2329 2911 benef.

715 2937 829 2968 saecul.
852 2937 892 2977 (c.
911 2947 939 2968 c.
960 2939 1000 2969 60
1023 2937 1077 2969 vel
1097 2946 1125 2968 s.
1152 2947 1180 2969 c.
1207 2939 1247 2969 30
1265 2938 1288 2968 l.
1306 2937 1358 2977 t.).
1378 2937 1419 2968 ad
1438 2937 1551 2968 collat.
1573 2936 1706 2967 abbatis
1723 2938 1756 2967 et
1773 2944 1870 2967 conv.
1897 2936 2045 2966 monast.
2071 2933 2329 2972 Grandissilvae,

715 2990 856 3021 Cisterc.
874 2991 958 3026 ord.,
979 2991 1158 3022 'I‘olosanae
1179 2991 1226 3022 di.
1250 3009 1287 3013 —
1314 2991 1340 3022 I.
1368 3000 1397 3022 e.
1425 2999 1469 3022 m.
1495 2990 1622 3021 archid.
1650 2989 1840 3021 Ainisiensi
1867 2989 2093 3025 Xanctonen.‚
2124 2990 2156 3019 et
2179 2987 2330 3018 sacristae

715 3044 890 3083 l.3aj0nen.,
911 3053 948 3076 ac
962 3045 1086 3076 Joanni
1105 3045 1247 3084 Garsiae,
1272 3053 1344 3076 can.
1365 3044 1598 3076 Astoricensis
1616 3044 1695 3075 eccl.
1719 3043 1771 3083 (A.
1790 3044 1840 3080 25,
1862 3043 1884 3073 f.
1900 3043 1942 3074 65
1955 3047 1985 3079 ⁸3
2008 3041 2045 3073 V.
2060 3042 2113 3080 81,
2133 3049 2186 3081 ep.
2202 3042 2306 3079 1630.)
