2540 3496
142 412 246 439 Datum
262 405 447 439 Avenione.

146 623 159 649 ι
181 619 267 654 (και.)
279 618 338 652 jul.
361 617 449 646 1326.

239 663 270 690 Τ.
292 662 347 690 XL.

258 888 293 915 Ut
314 895 337 914 s.

228 932 258 960 T.
277 932 360 960 XXX.

250 1697 294 1724 ,Ut
313 1705 337 1724 s.

150 1741 180 1768 T.
204 1740 264 1767 xnl
279 1741 321 1774 ¹12,
341 1740 389 1767 xv
405 1740 450 1776 ιη.

259 2018 294 2046 Ut
321 2027 346 2048 s.

205 2063 235 2090 T.
255 2063 328 2097 XIII,
346 2063 404 2093 XV.

267 2233 303 2261 Ut
325 2242 348 2260 s.

206 2278 236 2305 T.
258 2278 330 2311 XIII,
350 2278 407 2308 XV.

265 2340 302 2368 Ut
322 2348 345 2367 s.

211 2385 241 2412 T.
259 2385 331 2419 XIII,
348 2385 404 2412 XV.

270 2553 306 2581 Ut
322 2562 346 2582 s.

228 2598 259 2625 Τ.
276 2598 310 2633 Χ,
328 2599 386 2626 XII.

277 2766 310 2793 Ut
332 2775 354 2794 s.

222 2811 253 2838 Τ.
270 2811 317 2844 XI,
332 2810 404 2838 XIII.

183 2954 185 2956 ,
275 2927 312 2954 Ut
330 2935 353 2954 s.

163 3007 166 3010 ψ
225 2972 255 2998 Τ.
274 2971 320 3004 XI,
334 2971 404 2998 XIII.

507 316 681 348 JOANNIS
704 316 823 347 PAPAE
845 316 948 347 XXII.
972 314 1220 355 (1316-1334).
1242 332 1279 337 -—
1304 314 1490 345 LITTERAE
1513 313 1739 345 COMMUNES
2084 317 2140 346 241

539 507 642 539 nibus
659 508 823 539 laicorum
846 507 880 538 in
893 506 1136 539 Condomiensi
1152 508 1184 537 et
1198 507 1374 538 Lectoren.
1392 506 1438 536 di.
1457 505 1623 537 redimere
1641 505 1788 541 valeant,
1802 514 1880 538 cum
1897 506 1937 537 de
1955 506 2145 538 redditibus

539 561 695 601 ipsorum
712 561 863 592 ecclesiae
879 562 1048 600 nequeant
1064 568 1209 599 congrue
1226 559 1424 590 sustentari.
1445 559 1498 598 (A.
1515 560 1566 596 25,
1583 559 1606 590 f.
1625 561 1684 592 296
1700 559 1730 596 ¹’;
1755 559 1788 591 V.
1805 561 1856 598 81,
1879 568 1932 600 ep.
1949 559 2058 597 2232.)

585 612 723 644 25817.
743 633 778 637 -
793 614 968 645 Bertrando
984 624 1008 645 s.
1030 613 1170 644 Marcelli
1186 613 1291 654 presb.
1315 612 1413 648 card..
1432 613 1472 643 A.
1497 612 1532 644 S.
1554 612 1665 653 leqato,
1683 613 1797 644 mand.
1816 614 1853 644 ut
1878 613 2146 654 archipresbyte-

539 669 652 699 ratum
667 667 780 708 plebis
794 668 834 698 de
857 667 1029 704 Consilve,
1045 675 1083 698 ac
1100 667 1319 698 canonicatus
1342 668 1374 697 et
1395 666 1497 705 praeb.
1516 666 1624 705 ejusd.
1647 667 1688 698 de
1708 666 1868 698 Consilve
1888 676 1926 698 ac
1941 667 1981 698 de
1998 667 2146 699 Tribano

539 721 705 760 plebium,
723 721 893 752 Paduanae
915 721 973 756 di.,
990 729 1063 751 vac.
1083 729 1143 760 per
1159 719 1290 751 obitum
1306 720 1395 759 apud
1411 720 1445 752 S.
1462 721 1503 750 A.
1524 719 1617 751 Petri
1632 729 1659 750 s.
1685 720 1807 760 Angeli
1825 721 1911 752 diac.
1929 721 2032 757 card..
2050 721 2147 761 cujus

538 774 650 806 benef.
671 775 765 814 Papa
781 774 938 813 disposit.
959 783 1029 805 suae
1043 774 1286 810 reservaverat,
1305 773 1452 813 singulis
1465 782 1553 812 pers.
1570 773 1753 805 aMarsilio
1768 774 1810 805 de
1824 773 1956 806 Rubeis
1967 775 2008 806 de
2025 775 2149 806 Parma

541 828 759 859 nominandis
774 818 935 859 conferat.
955 827 1008 864 (A.
1025 829 1076 864 25,
1091 826 1113 857 f.
1128 827 1189 858 308
1203 831 1231 862 ²3
1258 825 1289 856 V.
1307 828 1357 863 81,
1376 835 1428 866 ep.
1447 828 1553 863 2240.)

585 878 722 912 25818.
749 899 788 904 —
812 881 847 912 S.
875 881 1029 921 Eufemiae
1044 885 1071 911 et
1096 880 1132 910 de
1149 880 1243 917 Leno,
1274 880 1416 910 Brixien.
1441 880 1496 917 di.,
1517 885 1646 912 monast.
1673 881 1834 911 abbatibus
1857 892 1892 912 ac
1914 881 2052 923 archipr.
2074 882 2146 914 eccl.

542 935 727 966 Brixiensis.
745 935 914 975 Exposuit
938 934 1109 965 Antonius
1134 935 1235 964 natus
1252 933 1351 964 Pauli
1372 933 1413 964 de
1436 933 1632 973 Adigheriis
1651 935 1741 974 quod
1765 935 1892 966 dudum
1914 936 2086 967 Henricus
2108 937 2148 967 de

540 989 679 1028 Campo,
699 997 726 1020 s.
742 988 919 1020 Laurentii
935 988 976 1019 de
991 988 1173 1024 Nomasso,
1192 988 1225 1018 et
1248 986 1436 1018 Anzelinus
1452 987 1621 1026 quondam
1638 987 1757 1019 Gozoli
1778 988 1818 1019 de
1834 989 1975 1026 Vivech,
1991 989 2025 1021 S.
2047 990 2091 1021 M.
2109 990 2149 1021 de

541 1042 701 1073 Caldario
717 1042 798 1073 eccl.
818 1042 1036 1073 canonicatus
1053 1042 1086 1072 et
1105 1039 1207 1080 praeb.
1226 1039 1372 1071 invicem
1391 1042 1628 1080 permutarunt
1635 1050 1644 1077 ;
1660 1041 1720 1072 sed
1741 1050 1818 1072 cum
1836 1041 1871 1072 in
1894 1042 1960 1073 ista
1981 1044 2150 1082 permuta-

541 1096 635 1127 tione
653 1095 748 1127 fraus
764 1095 987 1126 intervenerit
1005 1095 1086 1134 quia
1108 1093 1239 1125 fructus
1261 1102 1380 1124 canon.
1398 1095 1431 1124 et
1460 1093 1563 1133 praeb.
1583 1094 1680 1125 dictae
1702 1095 1783 1126 eccl.
1810 1104 1838 1126 s.
1856 1096 2032 1127 Laurentii
2052 1097 2150 1128 valde

543 1151 622 1180 sunt
641 1149 763 1186 exiles,
780 1151 812 1181 et
826 1149 916 1180 idem
933 1148 1121 1179 Anzelinus
1137 1147 1227 1178 infra
1244 1155 1370 1178 annum
1389 1147 1572 1186 quamdam
1591 1147 1772 1179 mulierem
1789 1149 2086 1182 matrimonialiter
2100 1159 2151 1182 co·

541 1203 724 1243 pulsu-erit,
739 1203 978 1243 procuratores
996 1201 1182 1241 supradicti
1205 1201 1310 1238 card„
1328 1200 1440 1240 ipsius
1461 1201 1610 1237 nomine,
1630 1210 1749 1232 canon.
1770 1203 1802 1233 et
1829 1203 1931 1242 praeb.
1950 1203 2047 1235 dictae
2069 1204 2150 1235 eccl.

541 1257 574 1289 S.
592 1257 637 1288 M.
662 1257 778 1297 vigore
793 1256 986 1287 litterarum
1006 1256 1115 1294 apost.
1134 1254 1202 1294 ipsi
1225 1254 1315 1285 card.
1343 1262 1596 1292 concessarum,
1611 1256 1774 1294 tanquam
1790 1264 1850 1295 per
1867 1256 1979 1296 ipsius
1994 1258 2154 1289 Anzelini

541 1311 704 1351 resignat.
724 1309 879 1341 vacantia
896 1309 1125 1348 acceptarunt,
1142 1308 1222 1339 licet
1239 1309 1377 1347 propter
1394 1307 1581 1347 potentiam
1600 1309 1708 1348 ejusd.
1734 1309 1876 1340 Henrici
1894 1311 1965 1350 (qui
1983 1319 2022 1342 ea
2045 1311 2153 1342 adhuc

542 1364 684 1402 detinet)
698 1363 851 1395 eorumd.
871 1370 990 1394 canon.
1005 1363 1038 1393 et
1060 1361 1163 1401 praeb.
1182 1361 1438 1401 possessionem
1453 1361 1594 1392 minime
1609 1361 1802 1394 habuerint.
1822 1363 1914 1403 Papa
1931 1365 2043 1395 autem
2061 1373 2153 1396 man-

541 1418 598 1449 dat
615 1419 653 1449 ut
668 1418 758 1448 dicta
774 1425 892 1448 canon.
912 1417 945 1447 et
967 1415 1070 1455 praeb.
1090 1415 1171 1446 eccl.
1189 1415 1222 1446 S.
1245 1415 1291 1446 M.
1317 1415 1358 1445 de
1383 1414 1541 1446 caldario
1564 1417 1700 1455 propter
1726 1416 1916 1455 praemissa,
1940 1426 2153 1458 quocumque

546 1472 647 1503 modo
661 1472 792 1508 vacent,
809 1469 1007 1510 supradicto
1021 1469 1172 1501 Antonio
1193 1468 1379 1506 conferant,
1400 1477 1467 1499 non
1483 1468 1570 1500 obst.
1589 1469 1679 1508 quod
1700 1478 1817 1500 canon.
1836 1471 1869 1501 et
1885 1470 1988 1510 praeb.
2008 1472 2154 1503 Parmen

544 1525 708 1562 obtineat,
723 1525 764 1556 de
783 1533 901 1555 canon.
922 1524 955 1555 et
976 1522 1078 1563 praeb.
1106 1522 1258 1553 Paduan.
1275 1524 1356 1553 tunc
1370 1522 1571 1553 vacantibus
1590 1531 1649 1562 per
1674 1523 1786 1563 ipsius
1803 1524 1893 1555 card.
1911 1524 2042 1556 obitum
2056 1534 2094 1556 ac
2113 1526 2154 1557 de

543 1588 662 1611 canon.
685 1578 748 1609 sub
771 1587 867 1618 exsp.
891 1577 994 1617 praeb.
1020 1577 1209 1617 Lingonen.
1232 1576 1313 1607 eccl.
1343 1584 1403 1615 per
1427 1576 1513 1607 alias
1537 1576 1602 1607 litt.
1628 1578 1737 1616 apost.
1757 1578 2000 1617 provisus‘sit.
2026 1580 2076 1618 (A.
2102 1581 2153 1615 25,

546 1634 569 1665 f.
585 1635 644 1665 309
660 1638 687 1669 ²;
711 1632 747 1664 V.
764 1633 816 1668 81,
831 1640 883 1671 ep.
901 1632 1007 1669 2241.)

589 1684 727 1716 25819.
747 1705 784 1709 -
803 1685 932 1716 Alberto
945 1690 1018 1715 nato
1036 1683 1190 1725 quondam
1208 1683 1370 1715 Guiscardi
1387 1683 1424 1714 de
1441 1683 1573 1714 castello
1589 1684 1725 1716 collatio
1740 1684 1920 1716 clericatus
1938 1686 2018 1718 eccl.
2036 1687 2077 1717 de
2093 1687 2156 1718 Ra-

546 1741 692 1776 vellono,
711 1741 744 1771 in
762 1749 829 1780 qua
846 1742 959 1770 certus
975 1738 1176 1770 clericorum
1193 1746 1358 1769 numerus
1372 1737 1497 1768 dicitur
1521 1738 1713 1775 institutus,
1734 1738 1903 1770 Paduanae
1920 1739 1979 1777 di.,
2005 1749 2079 1771 vac.
2097 1749 2157 1780 per

549 1795 679 1827 obitum
706 1793 895 1834 supradicti
919 1792 1029 1828 card.;
1056 1800 1123 1823 non
1143 1791 1230 1823 obst.
1258 1791 1404 1822 rectoria
1424 1791 1504 1822 eccl.
1529 1800 1556 1822 s.
1584 1792 1747 1832 Prosperi
1775 1793 1973 1824 Parmensis
1997 1795 2029 1825 et
2048 1795 2157 1834 gratia

546 1857 643 1888 exsp.
662 1847 771 1879 benef.
792 1857 820 1878 c.
839 1856 868 1878 c.
886 1846 940 1878 vel
963 1855 992 1877 s.
1018 1855 1046 1876 c.
1072 1846 1114 1876 ad
1140 1845 1253 1876 collat.
1277 1845 1345 1884 ep.i
1373 1845 1582 1876 Parmensis.
1608 1864 1645 1868 —
1668 1846 1694 1876 I.
1716 1855 1744 1877 e.
1765 1855 1809 1878 m.
1834 1855 1938 1886 praep.
1964 1847 2158 1887 baptisterii

550 1911 577 1934 s.
592 1901 735 1934 Joannis
754 1901 967 1936 Parmensis,
984 1901 1017 1931 et
1037 1899 1182 1939 archipr.
1207 1898 1248 1930 de
1272 1898 1450 1934 Collicu10‚
1478 1899 1636 1930 Parmen.
1659 1899 1719 1936 di.,
1747 1908 1784 1931 ac
1814 1900 1937 1931 Bosolo
1958 1901 1998 1932 de
2021 1902 2156 1939 Parma,

550 1965 623 1988 can.
637 1957 823 1987 'Fornacem
843 1954 937 1988 eccl.,
954 1954 1054 1993 Papae
1068 1952 1255 1992 capellano.
1274 1953 1325 1990 (A.
1346 1954 1395 1988 25,
1414 1952 1435 1982 f.
1453 1953 1513 1983 310
1532 1952 1560 1989 ὓ,
1584 1953 1619 1983 V.
1641 1954 1691 1990 81,
1711 1962 1763 1992 ep.
1780 1954 1886 1993 2242.)

593 2006 731 2040 25820.
750 2027 783 2032 -
805 2008 977 2039 Gerardino
989 2012 1063 2037 nato
1079 2006 1213 2037 Fortinae
1229 2005 1265 2036 de
1279 2006 1359 2036 Sici-s·
1370 2006 1407 2036 de
1423 2005 1597 2037 corticellis
1613 2007 1750 2038 collatio
1763 2007 1942 2039 clericatus
1955 2009 2036 2040 eccl.
2056 2009 2157 2040 Casa—

550 2065 594 2096 lis
611 2063 831 2103 Serughonis,
848 2062 998 2093 Paduan.
1015 2061 1074 2095 di.,
1093 2060 1127 2091 in
1142 2069 1208 2100 qua
1221 2061 1334 2091 certus
1348 2060 1427 2091 cler.
1447 2069 1610 2091 numerus
1624 2060 1748 2091 dicitur
1764 2061 1956 2099 institutus,
1971 2064 2008 2093 ut
2024 2072 2050 2093 s.
2067 2072 2156 2099 vac.;

550 2127 615 2149 non
635 2117 723 2148 obst.
745 2116 906 2147 clericatu
923 2115 1003 2146 eccl.
1023 2123 1049 2145 s.
1065 2114 1226 2148 Victoris,
1253 2113 1450 2144 Parmensis
1467 2114 1512 2144 di.
1538 2132 1573 2136 —
1594 2114 1619 2144 Ι.
1642 2122 1670 2145 0.
1697 2123 1742 2145 m.
1761 2115 1798 2146 ut
1815 2124 1841 2145 s.
1859 2115 1911 2154 (A.
1934 2117 1985 2153 25,
2007 2116 2031 2146 f.
2048 2117 2106 2148 311
2129 2122 2157 2154 ²3

554 2172 589 2204 V.
609 2173 659 2207 81,
676 2180 729 2210 ep.
743 2172 850 2207 2243.)

597 2223 733 2254 25821.
757 2243 795 2247 -—
827 2223 958 2254 Maelza’o
989 2227 1061 2252 nato
1085 2221 1199 2262 quond.
1228 2220 1336 2252 Gilioli
1358 2220 1542 2261 Effer-belle
1572 2221 1709 2253 collatio
1738 2231 1856 2254 canon.
1891 2224 1924 2254 et
1947 2224 2049 2263 praeb.
2078 2224 2158 2256 eccl.

553 2290 580 2311 s.
599 2279 748 2311 Victoris
763 2286 868 2318 prope
887 2277 1103 2313 Feltrum,ut
1119 2284 1147 2306 s.
1165 2284 1235 2306 vac.
1254 2293 1290 2298 —
1309 2275 1335 2306 Ι.
1353 2283 1382 2305 e.
1400 2284 1443 2306 m.
1464 2277 1501 2305 ut
1517 2284 1545 2305 s.
1563 2276 1615 2314 (A.
1630 2277 1680 2313 25,
1696 2276 1719 2306 f.
1735 2277 1791 2306 311
1810 2282 1838 2313 ὃς
1862 2275 1895 2306 V.
1913 2278 1965 2314 81,
1985 2286 2037 2317 ep.
2054 2280 2160 2318 2244.)

601 2330 736 2362 25822.
755 2350 791 2354 —-
807 2330 982 2367 Bernardo,
1002 2334 1075 2359 nato
1092 2329 1206 2370 quond.
1225 2328 1334 2359 Gilioli
1348 2329 1489 2358 sartoris
1505 2328 1541 2359 de
1562 2328 1785 2369 Vidiyuinerio,
1805 2329 1942 2362 collatio
1959 2331 2162 2371 plebanatus

556 2387 667 2428 plebis
685 2387 725 2417 de
743 2385 934 2420 Serentina,
955 2383 1147 2415 Tridentin.
1165 2383 1224 2420 di.,
1243 2385 1279 2413 ut
1304 2391 1331 2413 s.
1351 2392 1442 2419 vac.;
1458 2391 1524 2413 non
1548 2382 1635 2413 obst.
1660 2383 1749 2422 quod
1772 2384 1812 2414 de
1829 2392 1946 2415 canon.
1964 2386 2045 2415 eccl.
2064 2386 2163 2417 Muti-

558 2441 675 2472 nensis
692 2439 756 2471 sub
772 2448 867 2478 exsp.
886 2438 990 2478 praeb.
1010 2446 1069 2477 per
1084 2437 1121 2468 P.
1143 2437 1180 2467 P.
1200 2437 1243 2468 sit
1259 2436 1431 2475 provisus.
1449 2437 1529 2467 -1.
1548 2446 1576 2467 e.
1594 2445 1639 2467 m.
1658 2438 1694 2468 ut
1707 2445 1733 2468 S.
1754 2437 1808 2477 (A.
1826 2438 1877 2475 25,
1893 2438 1915 2469 f.
1933 2440 1992 2470 314
2008 2444 2036 2476 ὃς
2059 2439 2090 2470 V.
2110 2441 2161 2475 81,

553 2505 605 2535 ep.
626 2495 731 2534 2245.)

602 2545 739 2578 25823.
757 2565 794 2570 -
814 2547 904 2577 Petro
920 2545 956 2576 de
975 2544 1127 2576 Vanhatio
1146 2543 1281 2575 collati⁰
1299 2552 1418 2574 canon.
1437 2544 1519 2574 eccl.
1539 2544 1728 2575 Valentinae
1748 2545 1783 2575 in
1800 2553 1867 2584 qua
1882 2547 1994 2577 certus
2013 2555 2085 2577 can.
2104 2556 2164 2578 nu-

560 2611 675 2635 merus
691 2603 724 2633 et
738 2600 840 2641 praeb.
859 2599 1034 2631 distinctio
1056 2606 1122 2629 non
1135 2597 1312 2629 habentur.
1329 2597 1403 2628 -1.
1425 2606 1453 2628 e.
1477 2605 1522 2627 m.
1536 2606 1638 2637 praep.
1660 2598 1844 2635 Uticensis,
1863 2599 1895 2629 et
1912 2599 2063 2631 sacristae
2079 2601 2162 2631 Ave-

558 2656 708 2693 nionen.,
733 2664 771 2686 ac
796 2654 943 2685 Martino
961 2654 1001 2684 de
1031 2652 1269 2686 Chalenconio,
1296 2660 1368 2682 can.
1393 2651 1567 2682 Vivarien.
1599 2652 1679 2682 eccl.
1709 2652 1762 2691 (A.
1784 2653 1834 2689 25,
1862 2651 1885 2682 f.
1912 2654 1972 2684 319
1995 2653 2024 2689 1³3
2058 2653 2085 2683 V.
2112 2655 2163 2691 81,

557 2719 610 2750 ep.
629 2708 734 2747 2266.)

606 2760 739 2792 25824.
757 2780 793 2785 -
810 2762 970 2792 Armamzo
988 2765 1062 2790 nato
1083 2759 1222 2790 Simonis
1242 2758 1277 2789 de
1303 2758 1492 2795 (iv-amatim,
1520 2758 1642 2789 clerico
1665 2759 1823 2790 Parmen.
1849 2759 1906 2794 di.,
1935 2761 2044 2800 gratia
2067 2769 2164 2800 exsp.

560 2816 671 2848 benef.
695 2825 723 2847 0.
745 2825 773 2847 6.
795 2815 831 2846 in
859 2815 953 2845 civit.
971 2814 1023 2845 vel
1052 2813 1100 2844 di.
1126 2813 1298 2851 Parmen.,
1317 2812 1439 2851 pertin.
1467 2812 1506 2842 ad
1529 2811 1642 2842 collat.
1666 2812 1735 2851 ep.i
1758 2814 1790 2843 et
1814 2813 1913 2851 capit.
1947 2813 2105 2845 Parmen.
2128 2831 2167 2836 —

562 2871 590 2902 1.
605 2879 634 2901 e.
654 2879 698 2901 m.
715 2871 753 2900 ut
770 2877 812 2906 s.,
828 2878 859 2900 n.
877 2869 988 2899 25819.
1005 2867 1059 2907 (A.
1077 2869 1128 2904 25,
1147 2867 1170 2898 f.
1190 2867 1249 2897 318
1265 2871 1297 2901 ⁸;
1320 2865 1355 2896 V.
1376 2867 1427 2902 81,
1446 2874 1498 2904 ep.
1513 2865 1619 2904 2279.)

608 2920 743 2952 25825.
763 2939 800 2946 —
817 2922 908 2952 Petro
932 2926 1005 2952 nato
1031 2931 1062 2951 n.
1087 2931 1116 2950 v.
1142 2919 1309 2950 Germ-dini
1329 2918 1366 2949 de
1384 2918 1576 2955 cornazano,
1598 2918 1720 2949 clerico
1745 2919 1916 2957 Parmen.,
1940 2921 2045 2959 gratia
2070 2929 2165 2961 exsp.

563 2977 674 3008 benef.
691 2985 718 3007 s.
737 2986 764 3007 0.
779 2977 832 3016 (50
845 2976 918 3006 flor.
934 2974 1021 3013 auri)
1038 2974 1073 3004 in
1089 2974 1181 3005 civit.
1196 2973 1249 3004 vel
1263 2973 1308 3003 di.
1323 2972 1527 3009 Tridentin.‚
1550 2971 1672 3011 pertin.
1690 2971 1732 3002 ad
1747 2972 1860 3003 collat.
1880 2973 1947 3012 ep.i
1964 2974 2168 3007 'truh-utini.

551 3031 631 3062 -Ι,
662 3039 691 3061 e.
708 3038 753 3060 m.
771 3031 808 3060 ut
824 3038 852 3059 s.
875 3028 926 3066 (A.
945 3029 997 3067 25,
1016 3027 1038 3058 s.
1053 3029 1113 3059 319
1130 3032 1164 3064 ·;
1184 3026 1217 3057 V.
1235 3028 1287 3063 81,
1309 3035 1360 3065 ep.
1379 3025 1486 3064 2280.)

277 3087 422 3114 JOANNIS
441 3086 524 3114 XXII.
547 3102 580 3108 —
598 3084 631 3112 T.
652 3083 697 3111 VI.
1994 3079 2029 3108 31
