2540 3496
271 418 378 446 Datum
403 410 587 446 Avenione.

320 519 361 548 30
372 519 431 554 jul.
450 517 540 546 4327.

254 586 256 589 .
320 567 369 599 (ιη
383 563 444 592 kal.
457 563 538 599 aug.)

338 609 370 638 T.
386 609 434 643 XI,
449 608 522 636 XIII.

391 734 428 762 Ut
445 742 470 762 s.

331 779 362 807 T.
381 779 456 811 XIII,
467 778 526 806 XV.

312 1001 350 1030 3¹
369 1001 428 1036 jul.
454 1000 543 1029 1327.

325 1046 360 1082 (11
374 1046 434 1074 kal.
451 1046 531 1082 aug.)

374 1091 406 1118 T.
427 1091 482 1119 CC.

390 1216 424 1244 Ut
445 1224 470 1244 S.

390 1429 425 1458 Ut
445 1438 458 1457 ε

359 1474 392 1503 Τ.
415 1451 497 1503 XXX.

389 1857 426 1886 Ut
442 1866 467 1885 s.

363 1902 396 1930 T.
412 1902 494 1930 XXX.

390 2232 426 2260 Ut
446 2240 471 2274 s.

362 2277 393 2304 Τ.
415 2276 492 2305 CCC.

209 2456 211 2458 ·
268 2445 283 2472 Ι
303 2444 391 2480 (kal.)
407 2453 475 2480 any.
496 2445 586 2477 ¹327.

352 2490 384 2518 Τ.
400 2490 496 2519 XXIV.

385 2552 421 2580 Ut
441 2560 465 2580 s.

371 2596 402 2623 T.
424 2596 482 2624 XX.

386 2711 422 2740 Ut
439 2720 464 2740 Β.

360 2757 392 2786 Τ.
413 2756 496 2786 XXX.

384 2925 422 2954 Ut
439 2934 464 2954 s.

307 2969 354 3000 Gr.
376 2978 428 3005 pro
449 2969 538 3001 seclo.

640 325 815 357 JOANNIS
839 326 957 357 PAPAE
979 326 1082 358 XXII.
1105 328 1354 367 (1316-1334).
1376 346 1415 351 —
1437 328 1625 359 LITTERAE
1647 327 1873 360 COMMUNES
2218 335 2278 365 597

719 514 855 547 29371.
877 535 914 540 -
931 518 1060 554 Ioanni,
1077 523 1151 549 nato
1170 518 1283 559 quand.
1302 519 1443 560 Huqonis
1461 519 1497 550 de
1519 520 1653 555 Vianna,
1678 530 1747 551 can.
1765 520 1933 559 Senonen„
1949 522 2071 554 indult.
2087 524 2135 562 ut,
2158 524 2280 565 litigiis

672 571 803 611 proprii
821 571 1019 611 patrimonii
1033 573 1228 612 occupatus,
1248 572 1378 604 fructus
1392 573 1580 612 praebendae
1597 583 1667 605 suae
1682 574 1724 605 ad
1746 575 1932 607 triennium
1950 575 2078 617 absque
2095 578 2279 610 residentia

672 625 846 665 percipere
863 625 985 656 valeat.
1003 642 1041 648 —-
1058 625 1084 656 I.
1098 634 1127 656 e.
1145 634 1190 656 m.
1203 625 1280 656 abb.
1296 626 1496 657 monasterii
1513 627 1680 664 Balmen„
1696 627 1868 659 Bisuntin.
1885 629 1944 666 di.,
1963 630 1996 660 et
2013 631 2143 662 cantori
2158 631 2279 663 Bisun-

671 678 747 714 tin.,
766 686 804 709 ac
818 677 1015 710 Theobaldo
1034 678 1074 709 de
1093 678 1243 718 Morey0‚
1263 687 1335 710 can.
1355 679 1501 710 AEduen.
1521 680 1601 711 eccl.
1618 681 1670 718 (A.
1687 681 1739 718 28,
1756 681 1779 711 f.
1796 682 1856 713 205
1870 686 1899 719 *ς
1923 682 1958 713 V.
1974 684 2024 720 84,
2043 692 2095 723 ep.
2114 685 2237 724 2765.)

717 728 856 761 29372.
876 749 914 754 -
931 731 1052 763 Simoni
1074 737 1149 762 nalo
1172 731 1287 773 quond.
1305 732 1449 774 Huq'onis
1466 732 1503 763 de
1526 732 1658 770 vianna,
1676 735 1905 774 consanquineo
1921 735 2050 767 Joannae
2065 737 2102 768 F.
2120 742 2149 768 et
2167 738 2207 769 N.
2223 738 2277 777 R„

671 793 766 825 prov.
786 793 904 817 canon.
927 785 1007 817 eccl.
1033 785 1261 825 Lingonensis
1280 786 1344 817 sub
1367 794 1464 825 exsp.
1482 786 1600 826 praeh,
1619 786 1725 826 dign.,
1742 787 1795 818 vel
1819 791 2023 827 personatus
2050 798 2110 821 seu
2130 791 2184 822 off.
2202 801 2230 823 0.
2249 801 2277 824 0.

671 838 726 869 vel
743 847 771 870 s.
788 847 912 876 c.;n0n
930 838 1017 871 obst.
1036 847 1155 870 canon.
1175 840 1207 870 et
1222 838 1325 879 praeb.
1343 839 1424 870 eccl.
1440 840 1623 872 Remensis
1638 842 1670 871 et
1685 841 1818 872 defectu
1833 842 1953 880 aetatis,
1968 843 2129 882 (nondum
2139 845 2178 875 25
2196 848 2277 884 an.),

672 900 775 932 super
790 901 857 932 quo
875 892 1105 932 dispensatur.
1123 909 1160 914 —
1178 892 1205 924 I.
1232 901 1262 924 e.
1288 901 1333 924 m.
1353 892 1468 924 abbati
1486 894 1630 924 monast.
1649 894 1817 929 Balmen.‚
1837 894 2009 926 Bisuntin.
2027 896 2086 932 di.,
2104 899 2136 928 et
2154 898 2279 930 decano

671 945 856 981 Bisuntin„
872 954 910 977 ac
921 945 1117 978 Theobaldo
1135 946 1176 978 de
1190 946 1342 986 Moreyo,
1360 955 1433 977 can.
1449 946 1594 978 AEduen.
1611 947 1690 978 eccl.
1704 947 1755 987 (A.
1774 949 1826 985 28,
1842 948 1865 978 f.
1877 949 1974 985 216⁸;
1999 949 2033 980 V.
2047 951 2097 987 84,
2108 959 2160 990 ep.
2174 952 2279 990 2785.)

718 995 855 1029 29373.
876 1016 914 1022 -
933 998 986 1030 Ad
1008 1009 1102 1041 perp.
1120 1000 1166 1030 rei
1188 1000 1380 1031 memoriam.
1398 1000 1571 1032 Uniuntur
1590 1000 1800 1032 cathedrales
1822 1001 1973 1033 ecclesiae
1998 1003 2232 1043 Korkagensis
2246 1005 2281 1036 in

671 1052 808 1084 civitate
834 1053 927 1093 regia
944 1054 1142 1091 constituta,
1160 1053 1219 1084 vix
1234 1055 1275 1086 60
1290 1053 1350 1085 lib.
1369 1053 1613 1094 sterlingorum
1629 1054 1780 1085 valorem
1799 1063 1949 1086 annuum
1974 1056 2229 1095 transcendens,
2250 1059 2282 1090 et

671 1106 849 1138 Clovensis
864 1106 977 1138 eidem
998 1107 1080 1139 eccl.
1097 1107 1313 1147 Korkagensi
1335 1107 1512 1138 vicinitate
1532 1108 1722 1147 conjuncta,
1742 1117 1816 1148 quae
1835 1108 1870 1138 in
1891 1107 2058 1140 Hibernia
2080 1111 2280 1147 consistunt,

671 1160 821 1191 instante
835 1160 994 1191 Eduardo
1013 1169 1090 1200 rege
1108 1161 1253 1201 Angliae.
1269 1161 1324 1202 (A.
1342 1161 1395 1197 28,
1413 1160 1435 1191 f.
1457 1161 1515 1192 104
1531 1166 1560 1199 ³3
1583 1160 1618 1192 V.
1635 1162 1686 1198 84,
1702 1170 1755 1200 ep.
1773 1161 1880 1200 2534.)

717 1210 853 1242 29374.
872 1232 910 1236 -
926 1213 1100 1246 Uniuntur
1122 1214 1333 1246 cathedrales
1356 1214 1437 1246 eccl.
1464 1214 1672 1246 Lismorren.
1694 1216 1727 1246 et
1752 1215 2024 1247 Wraterforden.
2039 1216 2075 1247 in
2093 1217 2206 1249 insula
2220 1218 2280 1249 Hi·

671 1266 797 1298 berniae
814 1267 1007 1299 constitutae
1023 1267 1056 1298 in
1073 1267 1199 1307 quihus
1216 1269 1355 1308 propter
1371 1268 1569 1299 tenuitatem
1586 1269 1813 1307 proventuum
1829 1268 1964 1300 vilescit
1979 1270 2185 1309 pontificalis
2204 1280 2281 1303 auc-

671 1321 808 1358 toritas3
834 1320 980 1361 supplic.
1008 1321 1176 1353 Edwardo
1194 1322 1326 1361 Angliae
1348 1316 1425 1361 rege
1441 1322 1473 1352 et
1493 1321 1668 1353 Hiberniae
1691 1322 1839 1353 domino.
1861 1322 1912 1360 (A.
1931 1324 1981 1359 28,
2004 1323 2026 1353 f.
2050 1325 2105 1354 171
2124 1329 2153 1362 ⁸3
2177 1324 2210 1355 V.
2227 1326 2279 1363 84,

673 1383 725 1414 ep.
742 1375 839 1411 266&
862 1374 1021 1412 Theiner,
1038 1375 1237 1405 Monumenta
1253 1375 1474 1412 Hibernorum,
1491 1384 1523 1415 p.
1539 1376 1613 1411 238,
1632 1376 1703 1407 doc.
1724 1375 1958 1415 CCCCLXX.)

719 1425 855 1458 29375.
877 1445 914 1450 -
938 1427 1161 1469 Grandipratis
1176 1433 1205 1459 et
1222 1428 1426 1459 Averbodien.
1449 1433 1579 1459 monast.
1600 1428 1772 1466 abbatibus,
1793 1439 1829 1459 ac
1853 1429 1969 1460 decano
1995 1429 2068 1460 eccl.
2096 1440 2119 1462 s.
2139 1430 2282 1463 Guodelae

673 1480 872 1519 Bruxellen„
890 1481 1034 1513 Leodien.
1053 1486 1080 1512 et
1097 1481 1295 1513 cameracen.
1312 1481 1368 1517 di.,
1387 1482 1500 1512 mand.
1518 1491 1579 1521 pro
1598 1482 1720 1513 Adolfo
1738 1491 1814 1522 ep.0
1831 1483 1991 1513 Leodien.
2010 1492 2139 1515 necnon
2159 1485 2280 1524 praela-

672 1535 729 1570 tis,
746 1535 919 1566 canonicis
934 1537 967 1566 et
983 1535 1132 1575 capitulo
1153 1536 1234 1567 eccl.
1261 1535 1463 1566 Leodiensis
1486 1535 1520 1565 in
1549 1536 1631 1566 villa
1651 1536 1753 1576 Hoyi,
1776 1536 1936 1567 Leodien.
1962 1536 2023 1571 di.,
2049 1537 2281 1570 residentibus

671 1590 810 1628 propter
829 1588 1038 1627 pertinacem
1055 1588 1245 1628 nequitiam
1262 1589 1517 1628 magistrorum,
1538 1589 1815 1628 gubernatorum,
1832 1589 2023 1628 juratorum
2041 1592 2074 1621 et
2096 1592 2282 1623 communi-

671 1641 752 1672 tatis
768 1641 918 1672 civitatis
931 1642 1145 1679 Leodiensis‚
1161 1643 1280 1673 contra
1293 1642 1431 1672 eosdem
1449 1642 1632 1682 magistros
1647 1645 1680 1673 et
1693 1642 1973 1674 communitatem
1989 1652 2026 1674 ac
2040 1645 2223 1676 nonnullos
2239 1654 2282 1676 ex

671 1694 772 1726 dictis
795 1695 969 1726 canonicis
991 1695 1101 1726 eidem
1124 1695 1362 1726 communitati
1381 1695 1634 1726 adhaerentibus
1656 1695 1786 1726 ratione
1808 1695 2060 1734 jurisdictionis
2083 1698 2282 1737 temporalis

671 1747 823 1788 ejusdem
844 1748 1004 1780 civitatis.
1023 1748 1078 1789 (A.
1096 1750 1148 1785 28,
1167 1748 1190 1779 f.
1209 1749 1269 1780 247
1286 1748 1315 1786 b,-
1338 1748 1373 1779 V.
1389 1750 1440 1786 84,
1458 1757 1510 1788 ep.
1530 1749 1627 1785 2726;
1647 1749 1775 1789 Fayen,
1794 1749 1912 1780 Lettres
1926 1749 1963 1780 de
1978 1749 2057 1781 Jean
2070 1750 2176 1790 XXII,
2193 1753 2217 1782 t.
2235 1752 2279 1789 II,

671 1810 703 1842 p.
722 1803 792 1839 140,
812 1811 844 1832 n.
862 1802 972 1843 2006.)

717 1853 853 1885 29376.
873 1873 911 1877 ——-
931 1855 1154 1897 Grandipratis
1169 1861 1197 1886 et
1214 1856 1449 1887 Averbodiense's
1469 1861 1598 1887 monast.
1621 1855 1796 1891 abbatibus,
1821 1867 1857 1886 ac
1880 1866 1977 1897 praep.
2003 1857 2074 1889 eccl.
2099 1868 2124 1888 s,
2147 1858 2283 1889 Servacii

674 1909 890 1951 Trajeceensis‚
909 1909 1052 1941 Leodien.
1071 1909 1126 1947 di.,
1146 1910 1260 1941 mand.
1278 1912 1445 1950 quatenus
1462 1911 1640 1950 injungant
1659 1919 1735 1949 ep.0
1752 1912 1784 1941 et
1801 1910 1950 1949 capitulo
1965 1911 2138 1949 Leodien.‚
2156 1920 2198 1943 ex
2214 1920 2281 1943 una

670 1965 778 2002 parte,
792 1964 825 1994 et
838 1962 1123 2002 gubernatoribus
1141 1972 1178 1994 ac
1192 1964 1429 1994 communitati
1443 1963 1535 1994 civit.
1552 1963 1727 1999 Leodien.,
1744 1971 1786 1993 ex
1801 1963 1908 1994 altera
1920 1964 2025 2002 parte,
2042 1965 2078 1994 ut
2095 1972 2198 2004 super
2212 1973 2279 1996 om-

670 2016 772 2047 nibus
790 2017 1046 2054 controversiis,
1064 2025 1139 2057 quae
1161 2017 1251 2048 inter
1271 2018 1367 2056 ipsos
1390 2017 1606 2054 ventilantur,
1623 2017 1658 2047 in
1685 2016 1831 2047 arbitros
1849 2016 1930 2047 olim
1953 2025 2013 2056 per
2035 2017 2130 2056 ipsos
2154 2017 2280 2049 electos

670 2069 946 2110 compromittant
965 2071 996 2102 et
1010 2071 1198 2110 apostolico
1216 2071 1412 2111 conspectui
1430 2080 1465 2101 se
1482 2071 1631 2110 legitime
1648 2071 1901 2110 repraesentent,
1917 2071 1952 2101 ut
1968 2070 2167 2109 praedIctum
2182 2079 2280 2111 nego-

669 2123 758 2155 tium
775 2123 904 2163 judicio
922 2124 976 2155 vel
991 2124 1172 2155 concordia
1189 2125 1298 2164 possit
1317 2133 1377 2164 per
1394 2125 1460 2156 PP.
1479 2124 1668 2156 terminari.
1688 2123 1738 2162 (A.
1755 2125 1806 2161 28,
1823 2123 1846 2154 f.
1859 2125 1920 2155 250
1933 2123 1970 2160 b;
1990 2123 2025 2155 V.
2043 2125 2097 2161 84,
2113 2133 2165 2164 ep.
2179 2126 2278 2161 27303

669 2177 799 2217 Fayen,
819 2181 853 2207 ut
866 2187 904 2215 s.‚
919 2186 953 2217 p.
971 2179 1040 2214 142.
1059 2187 1092 2209 n.
1108 2180 1215 2217 2007.)

715 2227 854 2260 29377.
871 2249 911 2254 -
926 2231 1099 2263 Uniuntur
1115 2232 1397 2272 archiepiscopali
1418 2232 1498 2263 eccl.
1516 2231 1702 2263 Tuamensi
1726 2230 1998 2266 Enchdunensis‚
2022 2231 2089 2271 ipsi
2107 2232 2229 2267 vicina,
2247 2233 2280 2263 et

668 2284 842 2317 Achaden.
861 2294 898 2316 ac
913 2285 1106 2317 Duacensis
1124 2286 1276 2317 ecclesiae
1294 2285 1516 2320 cathedrales,
1533 2285 1608 2325 ejus
1631 2285 1863 2325 suffraganeae,
1881 2284 1916 2315 in
1931 2284 2103 2316 Hiberniae
2126 2285 2280 2324 partibus

668 2339 872 2376 constitutae,
891 2347 968 2370 cum
985 2348 1027 2370 ex
1042 2348 1160 2370 earum
1180 2339 1373 2371 redditibus
1389 2339 1554 2379 praesules
1572 2340 1741 2378 nequeant
1763 2347 1909 2377 congrue
1932 2338 2133 2376 sustentari3
2151 2339 2280 2378 suppli-

667 2393 763 2424 cante
779 2392 960 2430 Edwardo,
980 2392 1112 2432 Angliae
1130 2401 1219 2433 rege,
1236 2395 1268 2425 et
1284 2392 1459 2424 Hiberniae
1477 2392 1627 2423 domino.
1645 2392 1698 2432 (A.
1715 2393 1765 2429 31,
1786 2391 1808 2422 f.
1825 2392 1864 2422 52
1882 2396 1915 2429 ⁸3
1940 2390 1973 2422 V.
1989 2392 2041 2429 84,
2055 2399 2107 2431 ep.
2124 2393 2230 2431 3044.)

712 2442 853 2475 29378.
873 2463 910 2468 -
925 2446 1013 2487 Ep.o
1029 2447 1203 2477 Part'siensi
1213 2447 1314 2478 facul.
1329 2446 1534 2478 concedendi
1546 2445 1788 2477 tabelli0natus
1803 2445 1858 2476 off.
1876 2454 1899 2475 ιι
1911 2445 2068 2485 personis
2079 2454 2098 2476 a
2108 2445 2279 2486 Philippo,

667 2499 791 2530 comite
811 2500 953 2535 Valesii,
971 2500 1201 2532 nominandis.
1223 2500 1274 2539 (A.
1298 2502 1348 2535 26,
1365 2500 1387 2531 f.
1408 2501 1466 2531 159
1484 2499 1515 2536 Ι),
1533 2499 1573 2530 A.
1592 2500 1642 2537 28,
1667 2498 1690 2529 f.
1710 2500 1764 2529 131
1783 2498 1815 2536 ¹³3
1841 2497 1874 2528 V.
1894 2499 1944 2534 82,
1963 2507 2015 2538 ep.
2036 2499 2142 2538 1029.)

713 2549 853 2583 29379.
875 2570 910 2575 -
927 2553 1046 2584 Abbati
1058 2558 1190 2586 monast.
1211 2553 1366 2591 Candelii,
1385 2553 1506 2585 Albien.
1525 2553 1580 2590 di.,
1597 2557 1626 2583 et
1643 2553 1747 2594 priori
1763 2563 1788 2582 s.
1809 2551 1974 2592 Cypriani,
1995 2551 2151 2583 Sarlaten.
2167 2551 2224 2590 di.,
2243 2561 2279 2582 ac

664 2615 766 2648 praep.
785 2606 858 2638 eccl.
878 2607 1032 2638 Albiensis
1049 2608 1161 2639 mand.
1180 2616 1240 2648 pro
1257 2607 1450 2647 receptione
1466 2606 1643 2638 Bertrandi
1657 2607 1699 2638 de
1714 2605 1895 2642 Marciaco,
1911 2605 1991 2637 cler.
2009 2604 2145 2637 Albien.
2164 2605 2223 2642 di.,
2242 2606 2278 2636 in

666 2668 741 2691 can.
761 2661 961 2693 monasterii
977 2670 1005 2693 s.
1021 2661 1198 2699 Antonini,
1214 2661 1253 2693 O.
1267 2661 1300 2693 S.
1315 2662 1371 2699 A.‚
1387 2660 1580 2693 Ruthenen.
1594 2660 1639 2691 di.
1660 2659 1711 2698 (A.
1723 2659 1774 2698 28,
1792 2658 1814 2689 f.
1831 2659 1888 2689 241
1902 2658 1932 2696 ¹’i
1955 2657 1988 2690 V.
2001 2659 2051 2695 84,
2065 2666 2117 2698 ep.
2132 2659 2213 2690 2199
2224 2658 2276 2697 C.)

715 2711 853 2743 29380.
873 2733 910 2737 -
928 2714 1015 2756 Ep.o
1033 2714 1220 2746 Gebennensi
1235 2714 1349 2746 mand.
1368 2715 1536 2755 quatenus
1552 2722 1628 2745 cum
1645 2713 1748 2744 Petro
1765 2713 1846 2744 d.no
1870 2711 1910 2742 de
1932 2711 2098 2751 Layriaco
2121 2712 2155 2742 et
2179 2720 2212 2742 n.
2229 2720 2275 2742 m.

666 2768 866 2803 petronilla,
884 2769 963 2800 nata
981 2768 1164 2800 Guillermi
1180 2769 1221 2799 de
1239 2767 1381 2806 Balmis‚
1397 2767 1523 2807 praevia
1538 2766 1765 2804 absolutione,
1781 2765 1955 2805 dispenset
1972 2765 2019 2803 ut,
2038 2772 2104 2795 non
2120 2763 2207 2796 obst.
2224 2773 2275 2796 οο-

664 2821 823 2862 gnatione
850 2822 1036 2862 spirituali,
1061 2822 1096 2853 in
1121 2821 1340 2853 matrimonio
1361 2821 1431 2862 Jam
1460 2821 1630 2852 contracto
1656 2819 1747 2851 licite
1775 2826 1951 2850 remanere
1973 2817 2118 2848 valeant.
2146 2818 2199 2857 (A.
2222 2819 2274 2856 28,

665 2875 688 2906 f.
707 2876 727 2905 4
740 2874 771 2912 *³3
796 2875 831 2907 V.
847 2877 899 2913 84,
916 2885 970 2916 ep.
986 2876 1093 2915 2368.)

710 2925 848 2958 29381.
867 2947 901 2951 —-
915 2929 1000 2970 May.
1017 2929 1127 2960 Blasio
1143 2929 1277 2960 Jommis
1290 2927 1393 2959 Blasii
1405 2928 1480 2958 civis
1490 2927 1633 2964 Romani,
1646 2927 1743 2967 Papae
1754 2925 1875 2965 script„
1887 2923 2009 2955 indult.
2022 2924 2070 2959 ut,
2082 2924 2213 2955 ratione
2227 2923 2275 2955 of-

665 2981 733 3013 ficii
752 2983 942 3022 scriptoriae
959 2982 1136 3023 obsequiis
1147 2982 1181 3014 S.
1195 2983 1236 3013 A.
1252 2982 1429 3016 insistens,
1448 2981 1579 3012 fructus
1594 2988 1711 3011 canon.
1730 2979 1764 3010 et
1779 2977 1883 3018 praeb.
1900 2977 1981 3009 eccl.
1997 2985 2025 3008 s.
2037 2976 2130 3008 Petri
2140 2977 2273 3015 Arion..

665 3035 873 3067 Morinensis
890 3035 950 3072 di.,
967 3035 1183 3076 aliorumque
1199 3034 1310 3067 benef.
1327 3043 1467 3066 suorum
1483 3033 1610 3073 integre
1626 3031 1803 3073 percipiat.
1818 3047 1855 3054 —
1870 3030 1895 3062 1.
1914 3039 1944 3062 e.
1960 3039 2005 3061 m.
2021 3029 2166 3071 archipr.
2179 3031 2214 3064 S.
2227 3030 2273 3063 M.
