2540 3496
27 1140 30 1148 v

18 1216 30 1231 l

23 1314 28 1323 ι

18 1386 30 1393 ,

21 1454 27 1462 ι

19 1668 23 1676 ι

25 1801 29 1810 ι

24 1961 28 1968 -

33 2194 42 2203 ι,

28 2229 39 2249 1

8 2411 9 2414 ,
32 2406 36 2414 ›

3 2494 9 2506 *7
22 2491 23 2494 ¹
33 2496 38 2503 ,

20 2546 31 2553 *I-

11 2614 35 2631 ..''=.

31 2666 39 2684 ἐ,

23 2690 37 2707 „

11 2723 43 2750 ...θ

0 2750 7 2766 χ
20 2752 29 2763 ³.
43 2759 46 2763 ,

17 2791 25 2799 ,,
34 2794 37 2795 .

0 2844 1 2854 i
11 2831 14 2838 Δ
26 2835 34 2844 “”’

0 2872 1 2876 ,
15 2864 34 2879 5.

0 2877 32 2898 m

0 2899 1 2912 l
15 2895 31 2911 1}

0 2913 2 2960 ὲ
12 2911 33 2931 ἦ..

0 2969 2 2992 ι

14 3002 41 3023 ‘³2⁸⁷

15 3030 23 3046 ¹¹
34 3032 39 3052 ἕ

28 3069 34 3076 =

29 3116 31 3123 A

30 3130 40 3150 ‘x

193 410 300 438 natum
318 401 500 436 Avenione.

232 510 269 538 24
286 517 354 544 auq.
372 506 460 536 1326.

227 553 285 591 (ιη
299 553 358 581 kal.
375 551 464 587 sept.)

295 598 325 625 Τ.
345 597 415 625 XVI.

306 670 342 698 Ut
361 678 385 696 s.

228 721 230 723 ·
252 715 285 744 T.
303 714 351 747 XI,
367 714 439 741 XIII.

307 883 343 911 Ut
361 891 385 911 s.

256 929 288 956 T.
303 928 351 962 XI,
365 927 437 955 XIII.

307 1098 343 1126 Ut
363 1106 387 1125 s.

284 1144 314 1171 T.
336 1142 417 1171 XXX.

310 1311 347 1339 Ut
367 1319 391 1339 e.

254 1357 285 1384 Τ.
306 1356 353 1391 XI,
374 1356 446 1383 XIII.

310 1633 346 1660 Ut
364 1641 387 1660 s.

255 1678 286 1705 T.
306 1677 366 1713 XII,
381 1677 450 1705 XIV.

311 2327 348 2355 Ut
367 2335 390 2355 s.

272 2371 304 2400 Τ.
321 2372 355 2406 X,
371 2371 430 2399 XII.

312 2488 348 2516 Ut
368 2497 391 2516 s.

299 2533 330 2561 T.
345 2533 402 2560 XL.

314 2756 350 2784 Ut
368 2765 392 2784 s.

301 2800 333 2828 Τ.
349 2801 404 2829 XL.

565 312 739 344 JOANNIS
763 311 881 342 PAPAE
903 310 1005 340 XXII.
1031 309 1278 347 (1316-1334).
1300 325 1339 330 —-
1362 306 1548 337 LITTERAE
1571 306 1795 337 COMMUNES
2128 311 2186 342 287

633 500 768 531 26261.
795 520 833 524 -
858 501 1024 542 Archiep.o
1049 500 1253 531 cantuarien.
1275 500 1374 531 facul.
1396 499 1598 530 concedendi
1615 499 1857 531 tabellionatus
1874 500 1928 531 off.
1946 500 2005 531 uni
2022 501 2102 533 cler.
2118 511 2188 534 non

587 556 764 595 conjugato
776 564 836 586 nec
849 555 884 585 in
901 555 1008 585 sacris
1022 555 1093 586 ord.
1107 554 1301 589 constituto,
1315 562 1334 584 a
1349 553 1527 584 Willelmo
1540 553 1580 583 de
1597 553 1767 591 Westone,
1788 554 1937 585 Eduardi
1954 555 2044 594 regis
2058 556 2191 596 Anglioe

587 608 718 645 nuntio,
738 608 952 638 nominando.
974 608 1027 647 (A.
1047 608 1097 643 24,
1118 607 1138 637 f.
1160 607 1218 637 120
1235 612 1262 643 ⁸3
1288 606 1320 637 V.
1339 608 1390 645 80,
1408 615 1460 646 ep.
1484 607 1589 645 1534.)

633 658 769 690 26262.
786 678 823 683 -
838 660 1001 691 Bernardo
1017 660 1054 690 de
1067 659 1224 697 carrena,
1242 660 1364 690 clerico
1378 660 1594 690 Caturcensis
1610 659 1669 696 di.,
1686 660 1793 700 gratia
1806 669 1903 700 exsp.
1921 661 2031 694 benef.
2051 664 2092 702 (c.
2107 673 2135 696 c.
2147 666 2188 697 80

588 715 641 746 vel
660 724 687 746 S.
713 724 741 745 c.
766 714 842 745 401.
869 715 908 752 t.)
932 714 966 744 in
989 714 1081 744 civit.
1105 714 1159 744 vel
1182 714 1227 744 di.
1255 713 1440 748 Vivarien.,
1461 713 1583 752 pertin.
1607 713 1649 744 ad
1671 713 1783 744 collat.
1805 714 1872 753 ep.i
1898 715 2124 749 vivariensis.
2149 737 2188 742 —

588 769 614 800 I.
633 777 661 799 e.
684 777 727 798 m.
747 776 822 807 ep.o
840 767 1073 801 Aurasicensi‚
1094 768 1126 797 et
1142 766 1247 806 priori
1265 766 1305 796 de
1325 766 1519 801 Podioleno‚
1540 766 1735 797 Aurasicen.
1757 767 1818 803 di.,
1838 777 1876 799 ac
1892 769 2019 801 archid.
2037 771 2190 804 Elnensi.

588 822 640 863 (A.
657 822 708 857 25,
729 821 751 851 f.
766 821 826 852 400
844 825 873 857 ³;
898 819 1001 858 V.‘81,
1023 828 1075 858 ep.
1092 819 1200 858 2395.)

634 871 769 904 26263.
796 892 833 897 -
858 872 1022 904 Guillelmo
1049 871 1168 902 Thomae
1182 872 1290 911 gratia
1305 880 1399 910 exsp.
1418 871 1527 902 benef.
1544 874 1584 909 (c.
1605 882 1632 903 c.
1651 874 1710 904 100
1728 874 1781 904 vel
1799 883 1826 904 s.
1844 884 1872 906 c.
1890 877 1930 907 40
1951 876 1973 907 l.
1988 877 2028 913 t.)
2043 878 2078 908 in
2096 879 2189 911 civit,

589 929 643 961 vel
658 928 704 960 di.
721 929 940 963 Nemausen.,
961 926 1083 965 pertin.
1101 926 1143 955 ad
1155 925 1267 955 collat.
1287 925 1354 963 ep.i
1370 924 1632 958 Nemausensi&
1647 926 1781 965 paroch.
1799 930 1911 959 autem
1927 930 2007 961 eccl.
2021 931 2061 962 de
2072 933 2189 973 Ariga-

589 984 650 1019 tio,
669 982 766 1013 dictae
782 981 841 1018 di.,
859 980 1019 1016 dimittat,
1034 979 1063 1009 si
1079 978 1190 1009 benef.
1205 987 1232 1008 c.
1249 987 1276 1009 c.
1295 977 1491 1009 obtinuerit.
1507 995 1545 1000 —-
1559 979 1585 1009 Ι.
1603 987 1631 1010 e.
1650 988 1694 1010 m.
1712 989 1813 1020 praep.
1832 981 2140 1023 Carpentoratensi,
2155 987 2187 1017 et

591 1036 717 1068 archid.
731 1033 991 1067 Nemausensis,
1006 1041 1043 1063 ac
1060 1032 1211 1063 sacristae
1225 1031 1474 1062 Avenionensis
1492 1032 1572 1062 eccl.
1591 1032 1643 1070 (A.
1659 1034 1708 1069 25,
1725 1033 1747 1064 f.
1763 1035 1824 1065 409
1837 1040 1867 1070 ¹;
1891 1035 1924 1066 V.
1943 1037 1994 1073 81,
2012 1046 2064 1077 ep.
2084 1039 2191 1080 2414.)

635 1086 776 1120 26264.
801 1106 839 1111 -
855 1086 993 1118 Guidoni
1009 1085 1169 1126 archiepo
1186 1085 1355 1115 Arborensi
1372 1085 1516 1115 facultas
1531 1086 1748 1117 contrahendi
1764 1089 1919 1119 mutuum
1937 1091 2015 1122 1500
2033 1091 2106 1123 flor.
2117 1093 2191 1124 auri

591 1153 680 1183 cum,
702 1144 739 1174 ut
757 1141 892 1173 accedat
909 1141 951 1171 ad
969 1139 1049 1171 eccl.
1073 1147 1182 1176 suam,
1208 1147 1268 1178 pro
1293 1138 1367 1169 suis
1389 1139 1421 1168 et
1442 1138 1580 1169 familiae
1601 1147 1671 1169 suae
1694 1141 1897 1172 necessariis
1914 1144 2075 1182 expensis
2092 1154 2192 1184 pecu-

591 1198 683 1229 niam
701 1205 767 1228 non
790 1194 912 1226 habeat
938 1194 1176 1234 opportunam,
1200 1193 1232 1223 et
1254 1192 1340 1222 alias
1364 1200 1425 1231 pro
1447 1191 1656 1223 utilitatibus
1674 1193 1754 1224 eccl.
1773 1202 1842 1225 suae
1861 1196 2072 1235 opprimatur
2089 1207 2189 1231 onere

591 1251 795 1284 debitorum.
811 1249 868 1288 (A.
886 1249 936 1286 25,
954 1247 976 1278 f.
995 1248 1055 1278 412
1074 1246 1106 1282 1³3
1129 1246 1165 1278 V.
1179 1247 1230 1283 81,
1251 1254 1302 1285 ep.
1321 1245 1429 1283 2418.)

635 1300 776 1335 26265.
794 1319 832 1325 -—
852 1301 966 1333 Pontio
990 1299 1026 1331 de
1042 1298 1182 1330 Nozeriis
1200 1307 1289 1330 mon.
1317 1299 1462 1329 monast.
1481 1298 1703 1338 Figiacensis,
1729 1299 1879 1332 Cluniae.
1904 1303 1988 1339 ord„
2014 1303 2190 1336 Gaturcen,

591 1359 650 1395 di.,
668 1357 777 1398 gratia
803 1365 899 1396 exsp.
921 1355 1104 1395 prioratus,
1124 1352 1179 1383 vel
1195 1352 1446 1392 praepositatus,
1466 1353 1523 1382 aut
1539 1352 1723 1383 decanatus
1741 1361 1801 1384 seu
1816 1354 1922 1394 dign„
1942 1356 2014 1386 sive
2030 1365 2191 1395 persona-

591 1415 658 1450 tus,
673 1411 727 1442 vel
741 1410 946 1445 administr.,
958 1409 1016 1439 aut
1033 1407 1088 1439 off.
1103 1415 1165 1438 seu
1180 1405 1292 1438 benef.
1310 1414 1338 1436 c.
1354 1414 1382 1436 c.
1400 1405 1453 1436 vel
1468 1414 1495 1436 s.
1516 1413 1557 1440 c.‚
1576 1405 1618 1436 ad
1630 1405 1743 1437 collat.
1758 1406 1891 1438 abbatis
1907 1409 1939 1439 et
1955 1418 2063 1447 conv„
2080 1419 2118 1441 ac
2131 1420 2192 1450 per

591 1475 682 1498 mon.
701 1464 812 1505 ipsius
828 1463 974 1494 monast.
992 1460 1174 1502 gubernari
1188 1459 1358 1495 consueti;
1378 1459 1509 1490 consid.
1528 1459 1641 1490 Caroli
1659 1460 1696 1490 F.
1715 1460 1748 1491 et
1763 1460 1804 1491 N.
1823 1461 1864 1492 R.
1882 1478 1920 1483 —-
1935 1462 1960 1492 Ι.
1979 1471 2007 1494 e.
2025 1472 2070 1494 m.
2088 1465 2195 1496 Aure-

591 1521 717 1552 lianen.
733 1520 766 1550 et
781 1526 808 1549 s.
826 1516 921 1549 Flori
934 1515 1034 1556 ep.is,
1048 1523 1086 1546 ac
1102 1513 1216 1545 abbati
1233 1512 1435 1544 monasterii
1452 1512 1493 1544 de
1509 1512 1671 1551 Maurcio,
1690 1521 1717 1543 s.
1734 1513 1829 1544 Flori
1845 1514 1890 1545 di.
1909 1515 1961 1555 (A.
1981 1517 2032 1554 25,
2048 1516 2069 1548 f.
2089 1519 2149 1550 420
2165 1523 2193 1556 ⁸;

598 1573 634 1606 V.
653 1574 704 1610 81,
724 1581 777 1612 ep.
793 1571 902 1609 2419.)

637 1623 774 1657 26266.
791 1643 831 1648 -
846 1623 963 1656 Joanm'
978 1622 1134 1659 Roderici,
1147 1621 1269 1652 clerico
1283 1620 1450 1660 Alphonsi
1462 1619 1620 1651 Castellae
1629 1622 1661 1651 et
1676 1621 1834 1660 Legionis
1850 1622 1951 1661 regis,
1967 1631 2063 1662 prov.
2076 1633 2195 1656 canon.

593 1681 674 1713 eccl.
700 1679 882 1712 ovetensis
908 1677 971 1708 sub
987 1685 1082 1716 exsp.
1105 1675 1222 1715 presb„
1249 1674 1559 1714 praestimoniorum
1581 1675 1614 1705 et
1637 1674 1956 1713 praestimonialium
1981 1678 2197 1717 portionum;

593 1743 660 1767 non
677 1733 764 1766 obst.
782 1732 817 1764 in
833 1732 913 1764 eccl.
935 1730 1114 1762 Palentina
1134 1737 1254 1760 canon.
1277 1729 1310 1759 et
1332 1727 1450 1767 praeb.,
1470 1736 1508 1758 ac
1523 1727 1704 1759 archidiac.
1724 1727 1764 1759 de
1785 1728 1924 1768 Campis
1940 1730 1973 1761 et
1990 1731 2195 1770 quibusdam

591 1787 835 1830 praestimoniis
855 1785 986 1817 ratione
1003 1784 1172 1815 dictorum
1187 1790 1305 1814 canon.
1330 1782 1363 1813 et
1382 1781 1563 1812 archidiac.
1581 1781 1616 1812 in
1633 1782 1742 1812 castro
1755 1781 1881 1819 Mecho,
1898 1783 2061 1820 Bezerril‚
2079 1785 2200 1817 Vallo-

592 1844 656 1881 ria‚
671 1842 862 1879 Mazuecos,
881 1839 1016 1875 Otiella,
1031 1837 1125 1870 Villa
1143 1836 1308 1872 Provedo,
1325 1835 1571 1870 Villandavini,
1591 1834 1624 1866 S.
1642 1835 1687 1866 M.
1706 1835 1746 1866 de
1760 1835 1969 1872 Balcharias‚
1987 1837 2200 1870 Vallarmen..

590 1898 675 1934 tero,
691 1896 800 1927 Pinna
815 1894 855 1926 de
869 1893 976 1925 Valde
992 1892 1160 1932 Esgueva,
1180 1891 1215 1921 in
1230 1889 1398 1921 Fontibus
1412 1888 1514 1920 dictis
1528 1889 1602 1919 d.ni
1619 1889 1817 1926 Bermundi,
1835 1890 1871 1920 in
1884 1890 2045 1928 Covellis,
2062 1892 2102 1923 de
2118 1893 2200 1924 Zer-

591 1952 676 1988 rato,
695 1949 730 1981 in
754 1948 838 1980 villa
853 1948 893 1979 de
909 1945 1138 1987 Reyllantada
1154 1946 1187 1976 et
1204 1944 1327 1975 Llanta
1344 1942 1468 1979 Diella,
1490 1942 1643 1974 Barzena
1667 1942 1701 1973 in
1723 1942 1839 1980 vitiis,
1859 1943 1898 1974 de
1917 1944 2004 1975 Avia
2022 1945 2198 1982 VaIlama,

592 2003 778 2040 Calaforra‚
794 2001 983 2033 Palentinae
996 2000 1056 2037 di.,
1075 2000 1108 2030 et
1125 1999 1160 2029 in
1177 1997 1330 2038 portagio
1349 1996 1500 2028 civitatis
1514 1996 1704 2028 Palentinae
1722 1997 1795 2035 (200
1810 1997 2101 2029 marabotinorum
2117 2000 2202 2032 anti-

593 2067 667 2099 quae
680 2058 824 2089 monetae
835 2054 1021 2087 secundum
1035 2052 1293 2085 extimationem
1304 2050 1529 2082 ordinationis
1539 2050 1635 2082 dictae
1647 2051 1728 2082 eccl.
1738 2050 1936 2090 Palentinae)
1948 2053 1981 2082 et
1995 2051 2029 2082 in
2041 2053 2198 2084 saeculari

594 2111 713 2152 colleg.
729 2110 770 2142 de
784 2108 966 2142 Valleoleti
978 2115 1097 2139 canon.
1114 2107 1147 2138 et
1166 2104 1282 2146 praeb.,
1295 2113 1332 2136 ac
1347 2103 1553 2144 quibusdam
1566 2103 1810 2143 praestimoniis
1826 2104 1861 2135 in
1873 2104 1906 2136 S.
1923 2105 1969 2136 Μ.
1989 2106 2029 2136 de
2049 2106 2199 2147 Antiqua

595 2167 670 2198 ets.
690 2163 852 2204 Stephani
866 2162 948 2194 dicti
970 2161 1037 2192 loci
1057 2160 1097 2191 de
1118 2159 1302 2191 Valleoleti
1318 2158 1413 2195 eccl.‚
1428 2157 1526 2189 dictae
1541 2157 1588 2188 di.
1603 2176 1640 2180 —
1659 2157 1685 2189 I.
1706 2166 1735 2189 e.
1757 2166 1801 2188 m.
1828 2166 1903 2197 ep.o
1927 2159 2141 2197 civitatensi,
2165 2161 2198 2192 et

595 2218 715 2259 priori,
731 2227 769 2250 ac
785 2216 916 2248 cantori
934 2214 1107 2247 saecularis
1126 2213 1206 2245 eccl.
1228 2213 1268 2244 de
1288 2211 1483 2250 Valleoleti,
1507 2211 1693 2242 Palentinae
1711 2211 1756 2242 di.
1779 2211 1833 2250 (Α.
1853 2213 1903 2249 25,
1921 2212 1944 2243 f.
1962 2213 2022 2244 419
2037 2218 2067 2249 ¹3
2091 2213 2124 2244 V.
2143 2215 2196 2251 81,

596 2282 649 2313 ep.
669 2272 777 2312 2442.)

640 2322 781 2357 26267.
805 2342 843 2347 -
872 2322 1076 2355 Wichmanno
1091 2320 1128 2352 de
1148 2318 1317 2351 Risenbeke
1331 2328 1425 2360 prov.
1447 2327 1565 2350 canon.
1584 2318 1648 2350 sub
1665 2327 1761 2358 exsp.
1779 2319 1882 2358 praeb.
1903 2319 1984 2351 eccl.
2004 2329 2031 2351 s.
2054 2320 2196 2352 Joannis

596 2379 758 2421 Baptistae
782 2385 877 2410 novoe
893 2376 1044 2408 civitatis
1059 2374 1293 2414 Osnaburgen.
1313 2390 1353 2396 —
1375 2373 1402 2403 I.
1419 2381 1449 2404 e.
1467 2381 1512 2403 m.
1531 2372 1701 2412 archiep.o
1722 2372 1969 2410 Ebredunensi,
1986 2374 2018 2405 et
2033 2373 2200 2412 thesaur„

597 2443 635 2466 ac
650 2433 788 2465 scolast.
805 2430 885 2463 eccl.
903 2429 1188 2469 Osnaburgensis.
1205 2427 1256 2467 (A.
1273 2429 1323 2463 25,
1344 2427 1368 2457 f.
1383 2428 1444 2458 417
1457 2431 1486 2464 ·;
1505 2426 1540 2457 V.
1559 2427 1611 2463 81,
1627 2434 1679 2465 ep.
1698 2426 1805 2464 2447.)

641 2483 779 2518 26268.
805 2503 844 2508 -
866 2484 973 2516 Priori
991 2472 1180 2525 provinciali
1201 2487 1230 2512 et
1251 2480 1406 2521 fratribus
1424 2479 1459 2511 O.
1484 2480 1522 2511 P.
1537 2479 1707 2521 provinciae
1727 2479 1829 2510 Daciae
1843 2479 1966 2511 induit.
1983 2481 2031 2517 ut,
2049 2481 2199 2520 quoties-

597 2548 741 2581 cumque
756 2548 815 2572 eos
833 2539 869 2570 in
885 2537 998 2570 officio
1020 2532 1272 2576 praedicationis
1289 2534 1343 2565 vel
1367 2533 1540 2565 audientia
1557 2532 1784 2564 confessionis
1799 2533 1896 2564 extra
1911 2541 1992 2564 suos
2010 2536 2194 2564 conventus

597 2603 674 2627 esse
688 2592 880 2633 contigerit,
899 2591 1034 2632 possint
1058 2590 1150 2622 vesci
1168 2588 1328 2620 carnibus
1345 2596 1388 2619 ex
1406 2596 1445 2619 eo
1461 2587 1551 2627 quod
1568 2587 1603 2617 in
1621 2586 1776 2626 partibus
1800 2586 1872 2617 illis
1888 2595 1973 2626 pane
1989 2595 2108 2627 grosso
2125 2587 2200 2618 sili-

597 2649 696 2689 gineo
710 2647 765 2679 vel
780 2646 946 2678 hordaceo
961 2646 995 2676 et
1013 2643 1215 2685 quandoque
1239 2651 1256 2674 e
1273 2641 1458 2673 corticibus
1481 2640 1641 2672 arborum
1657 2639 1808 2672 confecto
1826 2640 1858 2671 et
1877 2648 1965 2680 aqua
1980 2639 2053 2671 sola
2067 2639 2196 2679 pluries

596 2702 692 2743 ipsos
707 2699 826 2732 satiari
840 2699 985 2740 oportet.
1006 2698 1059 2736 (A.
1078 2699 1130 2734 25,
1147 2696 1170 2728 f.
1189 2698 1249 2727 417
1264 2695 1296 2732 ¹³5
1320 2695 1354 2725 V.
1372 2696 1423 2729 81,
1442 2703 1494 2734 ep.
1513 2694 1620 2733 2448.)

641 2751 778 2785 26269.
792 2772 830 2778 -
846 2752 934 2794 Epa
948 2751 1118 2792 Lincopen.
1132 2749 1246 2782 mand.
1262 2750 1299 2781 ut
1316 2747 1524 2780 monasterio
1535 2747 1738 2778 monialium
1748 2746 1780 2776 b.
1793 2745 1931 2777 Martini
1948 2745 1982 2776 in
1997 2745 2194 2786 Skoningia,

597 2817 658 2849 per
679 2808 882 2849 priorissam
900 2805 979 2847 gub.
1002 2806 1036 2837 et
1050 2805 1113 2836 sub
1137 2813 1219 2835 cura
1237 2802 1381 2834 fratrum
1402 2802 1441 2833 Ο.
1465 2801 1503 2832 P.
1530 2800 1671 2832 subesse
1694 2799 1808 2837 solito,
1826 2807 1895 2830 suae
1914 2799 1973 2836 di.,
1993 2800 2190 2838 paupertate

597 2863 749 2903 gravato,
770 2861 866 2892 uniat
889 2859 1026 2900 paroch.
1046 2858 1227 2890 ecclesiam
1248 2855 1454 2895 Skoningiae‚
1475 2854 1571 2886 dictae
1595 2853 1655 2892 di.,
1675 2853 1716 2884 de
1735 2852 1811 2892 jure
1830 2853 2015 2889 vacantem,
2039 2852 2118 2883 licet
2136 2861 2196 2892 per

598 2915 779 2956 quemdam
794 2914 905 2946 filium
922 2912 1119 2951 sacerdotis,
1135 2911 1194 2951 qui
1208 2910 1311 2942 etiam
1326 2917 1387 2949 pro
1400 2908 1534 2939 Scaren.
1550 2909 1583 2939 et
1598 2907 1758 2939 Wexion.
1773 2906 1853 2937 eccl.
1871 2905 2031 2937 canonico
2045 2913 2081 2937 se
2094 2906 2193 2946 gerit,

597 2969 760 3009 occupata
775 2967 831 2999 sit.
850 2967 904 3008 (Α.
920 2967 972 3005 25,
988 2965 1011 2998 f.
1026 2966 1088 2998 418
1105 2970 1134 3001 ·;
1159 2963 1195 2995 V.
1212 2965 1263 3000 81,
1282 2971 1334 3002 ep.
1348 2963 1454 3000 2449.)
2077 2958 2080 2962 ’
