2540 3496
305 300 366 332 598

336 391 442 419 Datum
462 386 643 419 Avenione.

335 657 347 682 1
367 653 454 689 (kal.)
468 661 537 686 auq.
557 651 645 681 1327.

390 698 420 725 T.
443 697 489 733 XI,
510 697 583 725 XIII.

446 975 482 1003 Ut
501 983 525 1004 ε.

394 1021 424 1048 T.
443 1020 490 1055 XI,
505 1020 576 1047 xln.

447 1190 483 1217 Ut
499 1197 522 1216 s.

391 1235 422 1262 T.
440 1234 486 1268 XI,
503 1233 575 1260 XIII.

445 1403 481 1431 Ut
498 1411 522 1430 s.

391 1449 422 1475 T.
440 1448 487 1482 XI,
503 1447 575 1475 XIII.

442 1617 479 1644 Ut
498 1625 523 1644 S.

390 1662 420 1689 T.
438 1661 484 1693 xl,
501 1661 572 1688 XIII.

445 1778 479 1805 ct
496 1787 519 1805 s.

387 1823 417 1850 T.
440 1823 486 1857 xi,
508 1822 580 1849 xlii.

440 1939 475 1967 Ut
495 1947 519 1966 ε.

386 1984 418 2011 Τ.
438 1984 484 2018 XI,
500 1983 573 2012 XIII.

441 2208 475 2235 L't
494 2216 517 2235 s.

387 2254 418 2280 T.
432 2253 478 2285 XI,
497 2253 569 2282 XIII.

442 2422 478 2449 Ut
498 2430 523 2450 s.

414 2467 444 2494 T.
466 2467 546 2495 XXX.

438 2636 474 2664 Ut
494 2644 517 2663 s.

412 2681 442 2708 'I.
463 2681 544 2710 XXX

438 2850 474 2878 Ut
494 2858 517 2877 s.

308 2894 353 2922 Gr.
375 2902 426 2929 pro
446 2897 550 2930 nepote
569 2896 649 2924 card.

704 297 879 329 JOANNIS
902 296 1021 328 PAPAE
1043 296 1146 327 XXII.
1171 298 1422 337 (1316-1334).
1445 315 1484 320 —
1507 297 1695 329 Ll'r'rERAE
1718 298 1945 331 COMMUNES

737 489 903 520 Rotundae
916 488 957 520 de
975 487 1078 524 Urbe,
1094 489 1128 519 et
1145 488 1311 520 Riccardo
1327 487 1368 520 de
1385 488 1580 527 Anibaldis,
1599 489 1815 529 Lateraneu„
1831 500 1869 523 ac
1893 491 2036 525 Nicolao
2055 493 2096 526 de
2115 494 2262 532 Fractis,
2278 495 2346 528 litt.

735 543 844 581 apost.
863 541 1059 578 correctori,
1077 541 1255 573 Patracen.
1271 551 1345 573 can.
1363 542 1444 574 eccl.
1465 542 1518 581 (A.
1535 544 1607 581 257,
1625 543 1647 574 f.
1667 544 1707 575 88
1730 544 1756 581 b,
1779 545 1986 586 principium
2010 546 2209 587 hujusmodi
2225 548 2348 582 litterae

735 595 831 634 quus
847 595 926 626 finis
946 595 1119 626 invenitur
1132 595 1167 626 in
1182 595 1223 627 A.
1238 597 1291 632 28,
1307 595 1331 626 f.
1349 596 1389 627 64
1403 601 1437 632 Β,
1465 595 1496 627 V.
1513 597 1565 634 84,
1581 605 1633 636 ep.
1649 598 1757 638 2442.)

781 645 916 678 29382.
933 665 970 670 -
986 649 1150 690 Stephano
1165 648 1202 679 de
1218 648 1312 685 Pinu,
1327 648 1396 680 PP.
1409 649 1527 689 famil„
1543 650 1680 682 collatio
1697 660 1829 690 canon„
1845 651 1948 692 praeb.
1964 654 1998 685 et
2013 654 2246 695 praepositurae
2264 656 2346 688 eccl.

734 702 981 734 Cavallicensis
997 711 1058 742 per
1074 702 1206 734 obitum
1222 703 1420 743 Raymundi
1436 703 1629 736 Falconerii
1645 705 1735 744 apud
1752 705 1785 736 S.
1807 706 1846 737 A.
1868 705 2021 738 defuncti
2043 708 2236 740 vacantium
2247 719 2258 747 ς
2280 718 2348 741 non

733 755 822 787 obst.
841 756 1042 787 canonicatu
1058 757 1090 787 et
1108 756 1209 796 praeb.
1225 756 1260 787 in
1274 756 1354 788 eccl.
1373 757 1610 795 SistarIcensi3
1627 758 1891 798 praeposituram
1906 768 1987 791 vero
2007 760 2088 792 eccl.
2108 761 2348 794 Sistaricensis

731 810 765 840 et
777 809 945 849 hospitale
955 818 1113 850 grassum
1122 810 1321 842 Sistariceu.
1331 810 1429 842 dictae
1442 812 1674 851 praepositurae
1683 812 1817 843 unitum
1826 812 1999 845 dimittere
2010 815 2156 846 tenetur.
2166 833 2205 838 —
2216 815 2244 847 Ι.
2259 824 2288 848 e.
2298 825 2346 849 m.

732 863 860 894 decano
877 863 1126 904 Engolismen„
1144 865 1177 895 et
1194 873 1296 904 praep.
1319 864 1538 901 Avinionen.,
1563 874 1602 896 ac
1616 866 1717 898 Petro
1746 866 1930 906 placentis,
1954 867 2082 900 archid.
2105 868 2146 901 de
2164 869 2347 903 Belvacino

731 916 909 948 Belvacen.
930 916 1010 948 eccl.
1031 918 1084 957 (A.
1100 918 1152 954 28,
1169 917 1192 948 ἰ.
1210 919 1249 949 65
1263 923 1292 955 ²;
1316 917 1352 949 V.
1369 918 1422 956 84,
1437 926 1490 958 ep.
1507 918 1616 959 2446.)

777 967 917 1000 29383.
941 987 979 993 -
997 970 1157 1011 Ruodolfo
1173 970 1209 1001 de
1227 970 1361 1002 Gebwilr
1375 970 1513 1003 collatio
1530 981 1650 1004 canon.
1667 971 1731 1004 sub
1746 981 1842 1013 exsp.
1861 973 1964 1013 praeb.
1984 974 2065 1006 eccl.
2084 983 2113 1006 s.
2130 975 2271 1008 Martini
2287 976 2349 1009 Co·

731 1023 949 1062 luniharien.,
966 1024 1170 1056 Basiliensis
1187 1024 1232 1056 di.
1251 1042 1287 1046 -
1306 1025 1332 1056 I.
1349 1034 1380 1056 e.
1399 1033 1447 1056 m.
1463 1024 1540 1056 abb.
1558 1027 1704 1058 monast.
1722 1026 1757 1057 in
1774 1027 1926 1065 Lutzela,
1943 1029 1977 1059 et
1993 1037 2097 1069 praep.
2117 1028 2152 1060 in
2169 1029 2347 1070 Heilgens-

730 1079 791 1116 tat,
809 1078 973 1109 Basilien.
991 1079 1024 1109 et
1039 1078 1228 1118 Maguntin.
1244 1078 1304 1116 di„
1318 1087 1356 1110 ac
1369 1087 1458 1119 mag.
1471 1078 1655 1111 Ambrosio
1668 1079 1708 1111 de
1719 1079 1926 1119 Mediolano,
1938 1089 2012 1112 can.
2022 1082 2250 1115 Mediolanen.
2262 1083 2344 1116 eccl.

731 1133 784 1171 (A.
804 1133 856 1170 28,
874 1131 897 1162 f.
916 1133 951 1162 71
972 1131 1001 1168 ¹³3
1024 1131 1056 1162 V.
1073 1133 1124 1170 84,
1142 1140 1195 1171 ep.
1212 1132 1321 1172 2460.)

775 1182 913 1215 29384.
937 1203 974 1208 -
989 1186 1117 1222 .Ιοαηηι“,
1130 1184 1209 1216 nalo'
1227 1185 1364 1217 Werneri
1380 1185 1451 1218 dmi
1464 1185 1502 1217 de
1518 1185 1634 1217 Hastat
1647 1186 1800 1223 Senioris,
1818 1187 1955 1220 collatio
1971 1197 2090 1220 canon.
2109 1189 2190 1222 eccl.
2204 1199 2234 1222 s.
2250 1189 2346 1222 Petri

729 1239 1004 1279 Argentinensis,
1029 1249 1095 1271 non
1124 1239 1211 1270 obst.
1239 1239 1273 1270 in
1296 1239 1376 1271 eccl.
1401 1239 1645 1278 Lucebacensi,
1669 1241 1874 1272 Basiliensis
1896 1242 1956 1278 di„
1983 1250 2103 1275 canon.
2128 1244 2161 1275 et:
2186 1243 2288 1284 praeb.
2306 1260 2347 1268 -

729 1294 755 1324 Ι.
774 1301 803 1324 e.
818 1302 863 1324 m.
880 1292 913 1323 in
929 1292 1090 1324 Morbach
1104 1294 1136 1324 et
1155 1293 1190 1324 in
1206 1293 1366 1332 Marpach
1382 1294 1671 1325 monasteriorum
1685 1294 1880 1334 abhatibus,
1896 1304 1934 1327 ac
1949 1304 2053 1336 praep.
2070 1297 2151 1328 eccl.
2166 1296 2346 1329 Columba·

729 1347 828 1382 rien..
844 1347 1008 1379 Basilien.
1026 1347 1072 1377 di.
1090 1347 1142 1387 (A.
1160 1348 1212 1384 28,
1230 1347 1251 1378 f.
1271 1349 1308 1378 71
1326 1346 1355 1384 1);
1379 1346 1412 1378 V.
1427 1348 1478 1383 84,
1494 1356 1546 1387 ep.
1564 1348 1669 1385 2461.)

775 1398 911 1430 29385.
930 1419 968 1423 -
980 1400 1153 1431 Macae-ardo
1165 1400 1201 1431 de
1222 1400 1333 1431 Warca
1349 1400 1486 1433 collatio
1502 1410 1622 1432 canon.
1640 1401 1704 1433 sub
1717 1410 1814 1442 exsp.
1829 1401 1934 1442 praeb.
1951 1403 2031 1434 eccl.
2050 1403 2343 1442 Constantiensis3

729 1464 796 1486 non
815 1454 901 1486 obst.
920 1463 1038 1486 canon.
1058 1454 1122 1485 sub
1138 1463 1234 1494 exsp.
1255 1454 1359 1494 praeb.
1376 1455 1457 1486 eccl.
1475 1455 1691 1487 Basiiiensis.
1709 1473 1747 1478 ·-
1761 1456 1802 1487 In
1821 1464 1850 1487 e.
1866 1465 2035 1497 m.›praep.
2052 1457 2087 1488 in
2103 1457 2342 1498 Heiligenstat,

730 1508 920 1548 Maguntin.
936 1508 995 1544 di..
1018 1509 1050 1539 et
1075 1508 1223 1539 thesaur.
1253 1508 1489 1548 Argentinen.,
1510 1517 1548 1540 ac
1573 1517 1660 1550 mag.
1680 1509 1863 1541 Ambrosio
1881 1510 1922 1541 de
1940 1510 2146 1547 Mediolano,
2164 1519 2239 1543 can.
2259 1511 2341 1544 eccl.

728 1562 1007 1593 Mediolanensis.
1028 1562 1081 1600 (A.
1099 1562 1151 1599 28,
1170 1562 1194 1592 s.
1215 1563 1255 1592 72
1272 1567 1301 1600 a;
1326 1561 1358 1592 V.
1375 1563 1428 1599 84,
1446 1571 1500 1602 ep.
1517 1563 1623 1601 2463.)

774 1613 913 1645 29386.
932 1633 968 1639 ψ
987 1615 1159 1652 Friderico,
1176 1620 1248 1645 nato
1261 1615 1415 1656 quondam
1432 1615 1596 1657 Popponis
1610 1615 1647 1647 de
1661 1615 1797 1647 Durnen.
1816 1616 1935 1655 militis,
1954 1617 2072 1649 eadem
2085 1618 2196 1658 gratia
2209 1618 2245 1650 in
2259 1618 2340 1651 eccl.

729 1669 1021 1700 Novimonasterii
1037 1669 1259 1708 Herbipolen.
1279 1686 1317 1691 -—-
1333 1669 1359 1700 Ι.
1377 1678 1407 1701 e.
1425 1678 1470 1700 m.
1491 1678 1595 1709 praep.
1618 1678 1646 1700 s.
1669 1669 1787 1701 Severi
1809 1670 2002 1709 Erforden.,
2021 1671 2213 1712 MaguntIn.
2231 1671 2291 1709 di„
2309 1673 2343 1704 et

729 1723 917 1762 Maguntin.
936 1732 973 1754 ac
989 1722 1210 1762 Herbipolen.
1228 1722 1308 1754 eccl.
1327 1723 1477 1754 decanis.
1499 1723 1550 1761 (A.
1566 1724 1618 1760 28,
1639 1723 1662 1754 f.
1680 1724 1720 1754 72
1734 1729 1762 1759 ²;
1785 1724 1821 1755 V.
1838 1725 1888 1761 84,
1910 1733 1963 1764 ep.
1980 1726 2087 1764 2464.)

773 1774 910 1806 29387.
943 1794 981 1798 -
1011 1775 1158 1813 Hem-ico,
1187 1781 1260 1807 nato
1281 1787 1312 1807 n.
1346 1786 1375 1807 υ.
1406 1775 1535 1807 Henrici
1560 1776 1636 1807 dicti
1664 1777 1849 1816 Sclzetzelin,
1882 1787 1977 1818 prov.
2001 1787 2121 1810 canon.
2148 1778 2212 1810 sub
2242 1787 2339 1820 exsp.

728 1830 829 1871 praeb.
851 1831 1038 1871 Maguntin.
1059 1830 1223 1861 ecclesiae.
1243 1847 1282 1852 —
1298 1830 1336 1860 In
1355 1839 1383 1861 e.
1414 1839 1459 1861 m.
1486 1831 1625 1867 decano,
1645 1831 1782 1862 scolast.
1812 1833 1845 1863 et
1863 1831 1994 1863 cantori
2018 1831 2098 1864 eccl.
2123 1832 2340 1873 Pinguensis,

727 1885 916 1924 Maguntin.
937 1884 982 1915 di.
1001 1884 1055 1923 (A.
1073 1885 1125 1921 28,
1145 1883 1165 1914 s.
1182 1885 1221 1914 72
1236 1889 1264 1919 ὃ,
1287 1883 1321 1914 V.
1336 1884 1388 1920 84,
1408 1892 1460 1923 ep.
1477 1885 1586 1923 2465.)

772 1935 912 1968 29388.
944 1956 981 1961 —-
998 1937 1117 1969 ‚loanni
1134 1937 1217 1967 dicto
1234 1937 1393 1977 scriptori
1406 1936 1443 1967 de
1461 1937 1598 1977 Pinguia
1614 1937 1724 1978 gralia
1740 1946 1838 1978 exsp.
1855 1938 1961 1979 dign„
1979 1938 2034 1971 vel
2050 1940 2267 1979 personatus,
2283 1941 2343 1972 aut

726 1992 782 2024 off.
800 2001 827 2023 e.
846 2001 873 2022 c.
891 1991 943 2022 vel
961 2000 988 2022 s.
1010 2000 1038 2022 c.
1058 1991 1093 2022 in
1109 1991 1190 2022 eccl.
1209 1991 1243 2022 S.
1261 1991 1306 2022 M.
1325 1991 1368 2022 ad
1382 1990 1518 2022 Gradus
1535 1992 1743 2032 Maguntin.,
1735 2001 1742 2007 ·
1762 2001 1829 2023 non
1846 1991 1934 2024 obst.
1962 1992 1998 2024 in
2023 1993 2098 2024 ead.
2118 1994 2151 2025 et
2166 1993 2200 2025 S.
2216 1993 2262 2025 M.
2278 1993 2342 2026 Er·

726 2045 869 2082 forden„
889 2045 1078 2085 Maguntin
1101 2044 1160 2080 di,
1185 2044 1443 2076 canonicatibus
1459 2046 1491 2076 et
1505 2045 1606 2084 praeb
1624 2064 1661 2068 —
1682 2045 1708 2077 Ι.
1730 2054 1759 2077 e.
1780 2054 1825 2076 m.
1844 2054 1948 2086 praep.
1965 2054 1993 2077 s.
2012 2046 2129 2078 Severi
2144 2046 2340 2085 Errorden..

726 2099 912 2139 Maguntin.
932 2099 991 2134 di..
1008 2099 1041 2130 et
1059 2099 1186 2130 decano
1205 2098 1408 2138 Maguntin„
1434 2100 1467 2129 et
1490 2098 1639 2130 thesaur.
1671 2108 1699 2130 s.
1726 2099 1878 2131 Victoris
1894 2101 1991 2131 extra
2012 2108 2129 2132 muros
2148 2100 2337 2141 Maguntin.

725 2153 807 2184 eccl.
825 2152 877 2193 (A.
895 2154 946 2189 28,
966 2152 988 2184 f.
1013 2153 1079 2183 75³
1094 2152 1161 2189 ;.V
1181 2153 1232 2188 84,
1249 2161 1302 2191 ep.
1321 2153 1414 2183 2471
1419 2153 1429 2191 )

771 2204 907 2235 29389.
928 2224 965 2229 -
983 2205 1177 2242 Heincelino,
1199 2210 1272 2236 nalo
1292 2205 1435 2236 Heinrici
1450 2205 1526 2236 dicti
1540 2205 1577 2237 de
1603 2205 1677 2236 Rive
1700 2205 1821 2243 militis,
1846 2205 1984 2238 collatio
2007 2215 2127 2240 canon.
2152 2207 2216 2239 sub
2241 2216 2338 2249 exsp.

724 2259 828 2300 praeb.
846 2260 927 2292 eccl.
946 2269 974 2291 s.
993 2260 1132 2291 Thoniae
1149 2259 1372 2299 Argentinen.
1390 2277 1425 2282 -
1443 2260 1467 2290 1.
1487 2268 1515 2291 e.
1536 2268 1580 2291 m.
1599 2259 1634 2291 in
1651 2259 1793 2292 Lutzela
1813 2261 1846 2291 et
1865 2260 1901 2292 in
1918 2260 2102 2301 Coeliporta
2116 2261 2340 2294 monasterio·

726 2323 802 2345 rum
819 2313 1013 2350 abbatibus,
1031 2323 1069 2344 ac
1086 2313 1215 2344 cantori
1235 2313 1314 2344 eccl.
1334 2313 1512 2352 XVerden„
1531 2314 1765 2345 Constantien.
1780 2315 1813 2345 et
1828 2313 1992 2346 Basilien.
2008 2314 2053 2346 di.
2074 2313 2126 2353 (A.
2144 2316 2196 2352 28,
2211 2315 2235 2347 ἰ.
2250 2316 2291 2347 97
2305 2315 2338 2352 ¹⁸3

730 2367 766 2399 V.
786 2368 838 2403 84,
856 2376 909 2407 ep.
925 2368 1034 2406 2520.)

770 2418 906 2451 29390.
924 2439 963 2443 -
983 2420 1023 2452 Ν.
1040 2431 1080 2451 m.
1098 2421 1274 2461 infantissae
1293 2420 1321 2451 T
1318 2421 1431 2457 eresiae,
1448 2421 1584 2451 uxorin.
1602 2431 1629 2452 υ.
1645 2421 1781 2462 infantis
1795 2420 1922 2462 Alsonsi
1933 2421 2044 2452 Jacobi
2059 2422 2139 2463 reqis
2157 2422 2340 2463 Araqonum

723 2475 935 2515 primogeniti,
953 2474 1075 2506 indult.
1092 2476 1128 2506 ut
1148 2475 1363 2506 confessores
1381 2474 1535 2514 religiosi
1553 2475 1607 2506 vel
1622 2475 1804 2507 saeculares
1820 2483 1839 2506 a
1853 2475 2050 2507 commissis
2071 2476 2232 2516 peccatis,
2255 2485 2339 2516 prae-

723 2530 879 2568 terquam
893 2529 926 2560 S.
942 2529 984 2560 A.
998 2528 1194 2563 reservatis,
1207 2537 1282 2559 eam
1298 2528 1476 2559 absolvere
1492 2537 1530 2559 ac
1546 2528 1615 2568 ipsi
1630 2530 1880 2561 sacramentum
1898 2528 2122 2561 EucharistIae
2138 2529 2338 2562 ministrare

723 2581 871 2613 valeant.
889 2583 942 2622 (A.
959 2583 1011 2620 28,
1032 2582 1053 2613 f.
1071 2583 1110 2614 87
1127 2582 1161 2618 ὓ,
1187 2581 1219 2613 V.
1236 2583 1289 2620 84,
1305 2591 1358 2622 ep.
1377 2582 1483 2621 2530.)

770 2632 905 2665 29391.
926 2654 963 2659 -
980 2635 1107 2676 Huyoni
1120 2635 1296 2673 Audoardi,
1314 2645 1382 2666 can.
1407 2636 1590 2671 Vivariensss
1608 2635 1829 2668 confirmatur
1842 2636 2030 2676 acceptatio
2046 2636 2182 2676 paroch.
2202 2636 2284 2669 eccl.
2301 2636 2335 2669 h.

722 2688 852 2720 Juliani
869 2689 910 2720 de
928 2689 1117 2727 Blacheria,
1138 2689 1351 2721 vivariensis
1369 2689 1428 2724 di„
1447 2689 1488 2719 ab
1506 2698 1546 2720 eo
1564 2689 1653 2720 facta
1670 2689 1794 2720 virtute
1813 2689 1931 2729 gratiae
1947 2698 2043 2729 exsp.
2061 2689 2173 2721 benef.
2191 2699 2218 2722 c.
2236 2699 2265 2722 c.
2282 2690 2339 2722 vol

723 2751 751 2774 S.
765 2751 793 2774 c.
814 2743 922 2781 (1001.
937 2744 976 2781 t.)
991 2743 1026 2774 in
1042 2742 1134 2774 civit.
1153 2743 1207 2774 vel
1223 2742 1269 2774 di.
1285 2742 1472 2777 Vivarien.‚
1486 2743 1529 2773 ad
1543 2742 1656 2774 collat.
1674 2742 1742 2782 ep.i
1754 2742 1983 2781 VivariensiS,
1999 2743 2135 2775 etiamsi
2149 2744 2238 2776 dicta
2254 2743 2335 2777 eccl.

723 2795 944 2835 dispositioni
960 2797 994 2828 S.
1013 2797 1053 2827 A.
1073 2797 1248 2828 reservata
1262 2796 1358 2827 foret.
1375 2796 1431 2836 (A.
1449 2797 1500 2831 28,
1523 2795 1545 2827 f.
1563 2797 1622 2828 106
1638 2795 1669 2832 ¹³3
1693 2796 1728 2828 V.
1747 2797 1799 2834 84,
1817 2805 1869 2836 ep.
1888 2798 1996 2836 2536.)

768 2846 904 2879 29392.
920 2868 955 2873 —
969 2849 1086 2881 ,Ioanni
1100 2849 1137 2880 de
1152 2849 1292 2890 Beyries,
1307 2849 1427 2881 archid.
1449 2849 1603 2881 Alnisien.
1621 2848 1693 2880 eccl.
1710 2849 1919 2888 xanctonen„
1938 2850 2107 2883 indultum
2125 2850 2337 2891 perpriendi

722 2903 855 2935 fructus
866 2903 1020 2935 omniurn
1035 2903 1147 2935 benef.
1166 2911 1308 2934 suorum
1326 2903 1367 2934 ad
1386 2903 1568 2934 triennium
1586 2913 1605 2934 a
1621 2903 1687 2934 fine
1702 2904 1927 2944 quinquennii
1939 2904 2011 2944 Jam
2029 2904 2192 2942 concessi,
2215 2904 2249 2935 in
2271 2904 2336 2936 ali-

722 2965 789 2997 quo
805 2966 924 2989 eorum
939 2957 993 2988 vel
1008 2957 1200 2988 scolasticis
1215 2956 1409 2997 disciplinis
1427 2956 1462 2987 in
1477 2957 1550 2988 loco
1567 2956 1625 2988 ubi
1644 2957 1796 2988 studium
1818 2957 1931 2998 vigeat
1952 2957 2109 2998 generale
2140 2958 2335 2997 residendo,

722 3010 851 3042 consid.
872 3011 1057 3043 Guillermi
1076 3011 1144 3050 ep.i
1163 3010 1377 3048 Sabinensis,
1396 3010 1506 3050 ipsius
1525 3011 1697 3042 avunculi.
1717 3027 1752 3032 —
1772 3011 1800 3042 I.
1818 3019 1848 3042 e.
1878 3020 1923 3042 m.
1949 3019 2025 3051 ep.o
2045 3011 2213 3052 Aquensi,
2230 3013 2263 3043 et
2279 3012 2334 3044 de·
